%YAML 1.1
%TAG !u! tag:unity3d.com,2011:
--- !u!1001 &100100000
Prefab:
  m_ObjectHideFlags: 1
  serializedVersion: 2
  m_Modification:
    m_TransformParent: {fileID: 0}
    m_Modifications: []
    m_RemovedComponents: []
  m_ParentPrefab: {fileID: 0}
  m_RootGameObject: {fileID: 1000013437542256}
  m_IsPrefabParent: 1
--- !u!1 &1000010121861318
GameObject:
  m_ObjectHideFlags: 1
  m_PrefabParentObject: {fileID: 0}
  m_PrefabInternal: {fileID: 100100000}
  serializedVersion: 4
  m_Component:
  - 4: {fileID: 4000011534442368}
  m_Layer: 0
  m_Name: female_green:RightHandIndex3
  m_TagString: Untagged
  m_Icon: {fileID: 0}
  m_NavMeshLayer: 0
  m_StaticEditorFlags: 0
  m_IsActive: 1
--- !u!1 &1000010139029358
GameObject:
  m_ObjectHideFlags: 1
  m_PrefabParentObject: {fileID: 0}
  m_PrefabInternal: {fileID: 100100000}
  serializedVersion: 4
  m_Component:
  - 4: {fileID: 4000013268689356}
  m_Layer: 0
  m_Name: female_green:RightHandRing3
  m_TagString: Untagged
  m_Icon: {fileID: 0}
  m_NavMeshLayer: 0
  m_StaticEditorFlags: 0
  m_IsActive: 1
--- !u!1 &1000010184125536
GameObject:
  m_ObjectHideFlags: 1
  m_PrefabParentObject: {fileID: 0}
  m_PrefabInternal: {fileID: 100100000}
  serializedVersion: 4
  m_Component:
  - 4: {fileID: 4000012788776968}
  m_Layer: 0
  m_Name: female_green:LeftHandPinky1
  m_TagString: Untagged
  m_Icon: {fileID: 0}
  m_NavMeshLayer: 0
  m_StaticEditorFlags: 0
  m_IsActive: 1
--- !u!1 &1000010217580736
GameObject:
  m_ObjectHideFlags: 1
  m_PrefabParentObject: {fileID: 0}
  m_PrefabInternal: {fileID: 100100000}
  serializedVersion: 4
  m_Component:
  - 4: {fileID: 4000013102701220}
  m_Layer: 0
  m_Name: female_green:RightHandMiddle3
  m_TagString: Untagged
  m_Icon: {fileID: 0}
  m_NavMeshLayer: 0
  m_StaticEditorFlags: 0
  m_IsActive: 1
--- !u!1 &1000010223333086
GameObject:
  m_ObjectHideFlags: 1
  m_PrefabParentObject: {fileID: 0}
  m_PrefabInternal: {fileID: 100100000}
  serializedVersion: 4
  m_Component:
  - 4: {fileID: 4000012504084764}
  m_Layer: 0
  m_Name: female_green:RightHandThumb1
  m_TagString: Untagged
  m_Icon: {fileID: 0}
  m_NavMeshLayer: 0
  m_StaticEditorFlags: 0
  m_IsActive: 1
--- !u!1 &1000010229425242
GameObject:
  m_ObjectHideFlags: 0
  m_PrefabParentObject: {fileID: 0}
  m_PrefabInternal: {fileID: 100100000}
  serializedVersion: 4
  m_Component:
  - 4: {fileID: 4000010559789700}
  - 137: {fileID: 137000012867743152}
  m_Layer: 0
  m_Name: female_green:Tops
  m_TagString: Untagged
  m_Icon: {fileID: 0}
  m_NavMeshLayer: 0
  m_StaticEditorFlags: 0
  m_IsActive: 1
--- !u!1 &1000010283869530
GameObject:
  m_ObjectHideFlags: 1
  m_PrefabParentObject: {fileID: 0}
  m_PrefabInternal: {fileID: 100100000}
  serializedVersion: 4
  m_Component:
  - 4: {fileID: 4000010083185642}
  m_Layer: 0
  m_Name: female_green:RightHandMiddle4
  m_TagString: Untagged
  m_Icon: {fileID: 0}
  m_NavMeshLayer: 0
  m_StaticEditorFlags: 0
  m_IsActive: 1
--- !u!1 &1000010328867716
GameObject:
  m_ObjectHideFlags: 1
  m_PrefabParentObject: {fileID: 0}
  m_PrefabInternal: {fileID: 100100000}
  serializedVersion: 4
  m_Component:
  - 4: {fileID: 4000013609438890}
  m_Layer: 0
  m_Name: female_green:LeftHandThumb3
  m_TagString: Untagged
  m_Icon: {fileID: 0}
  m_NavMeshLayer: 0
  m_StaticEditorFlags: 0
  m_IsActive: 1
--- !u!1 &1000010482887226
GameObject:
  m_ObjectHideFlags: 1
  m_PrefabParentObject: {fileID: 0}
  m_PrefabInternal: {fileID: 100100000}
  serializedVersion: 4
  m_Component:
  - 4: {fileID: 4000012962600180}
  m_Layer: 0
  m_Name: female_green:RightHandRing2
  m_TagString: Untagged
  m_Icon: {fileID: 0}
  m_NavMeshLayer: 0
  m_StaticEditorFlags: 0
  m_IsActive: 1
--- !u!1 &1000010839651748
GameObject:
  m_ObjectHideFlags: 1
  m_PrefabParentObject: {fileID: 0}
  m_PrefabInternal: {fileID: 100100000}
  serializedVersion: 4
  m_Component:
  - 4: {fileID: 4000011772434716}
  m_Layer: 0
  m_Name: female_green:RightHandIndex1
  m_TagString: Untagged
  m_Icon: {fileID: 0}
  m_NavMeshLayer: 0
  m_StaticEditorFlags: 0
  m_IsActive: 1
--- !u!1 &1000011049218844
GameObject:
  m_ObjectHideFlags: 1
  m_PrefabParentObject: {fileID: 0}
  m_PrefabInternal: {fileID: 100100000}
  serializedVersion: 4
  m_Component:
  - 4: {fileID: 4000010961238076}
  m_Layer: 0
  m_Name: female_green:LeftUpLeg
  m_TagString: Untagged
  m_Icon: {fileID: 0}
  m_NavMeshLayer: 0
  m_StaticEditorFlags: 0
  m_IsActive: 1
--- !u!1 &1000011066883152
GameObject:
  m_ObjectHideFlags: 1
  m_PrefabParentObject: {fileID: 0}
  m_PrefabInternal: {fileID: 100100000}
  serializedVersion: 4
  m_Component:
  - 4: {fileID: 4000011891341198}
  m_Layer: 0
  m_Name: female_green:LeftHandIndex1
  m_TagString: Untagged
  m_Icon: {fileID: 0}
  m_NavMeshLayer: 0
  m_StaticEditorFlags: 0
  m_IsActive: 1
--- !u!1 &1000011173855474
GameObject:
  m_ObjectHideFlags: 1
  m_PrefabParentObject: {fileID: 0}
  m_PrefabInternal: {fileID: 100100000}
  serializedVersion: 4
  m_Component:
  - 4: {fileID: 4000010072827958}
  m_Layer: 0
  m_Name: female_green:RightArm
  m_TagString: Untagged
  m_Icon: {fileID: 0}
  m_NavMeshLayer: 0
  m_StaticEditorFlags: 0
  m_IsActive: 1
--- !u!1 &1000011192650776
GameObject:
  m_ObjectHideFlags: 1
  m_PrefabParentObject: {fileID: 0}
  m_PrefabInternal: {fileID: 100100000}
  serializedVersion: 4
  m_Component:
  - 4: {fileID: 4000010389607560}
  m_Layer: 0
  m_Name: female_green:LeftHand
  m_TagString: Untagged
  m_Icon: {fileID: 0}
  m_NavMeshLayer: 0
  m_StaticEditorFlags: 0
  m_IsActive: 1
--- !u!1 &1000011261234998
GameObject:
  m_ObjectHideFlags: 1
  m_PrefabParentObject: {fileID: 0}
  m_PrefabInternal: {fileID: 100100000}
  serializedVersion: 4
  m_Component:
  - 4: {fileID: 4000012923702428}
  m_Layer: 0
  m_Name: female_green:LeftHandRing1
  m_TagString: Untagged
  m_Icon: {fileID: 0}
  m_NavMeshLayer: 0
  m_StaticEditorFlags: 0
  m_IsActive: 1
--- !u!1 &1000011296087428
GameObject:
  m_ObjectHideFlags: 1
  m_PrefabParentObject: {fileID: 0}
  m_PrefabInternal: {fileID: 100100000}
  serializedVersion: 4
  m_Component:
  - 4: {fileID: 4000012328085526}
  m_Layer: 0
  m_Name: female_green:RightHand
  m_TagString: Untagged
  m_Icon: {fileID: 0}
  m_NavMeshLayer: 0
  m_StaticEditorFlags: 0
  m_IsActive: 1
--- !u!1 &1000011311839124
GameObject:
  m_ObjectHideFlags: 1
  m_PrefabParentObject: {fileID: 0}
  m_PrefabInternal: {fileID: 100100000}
  serializedVersion: 4
  m_Component:
  - 4: {fileID: 4000011241059062}
  m_Layer: 0
  m_Name: female_green:RightToeBase
  m_TagString: Untagged
  m_Icon: {fileID: 0}
  m_NavMeshLayer: 0
  m_StaticEditorFlags: 0
  m_IsActive: 1
--- !u!1 &1000011332326846
GameObject:
  m_ObjectHideFlags: 1
  m_PrefabParentObject: {fileID: 0}
  m_PrefabInternal: {fileID: 100100000}
  serializedVersion: 4
  m_Component:
  - 4: {fileID: 4000012688194778}
  m_Layer: 0
  m_Name: female_green:Spine1
  m_TagString: Untagged
  m_Icon: {fileID: 0}
  m_NavMeshLayer: 0
  m_StaticEditorFlags: 0
  m_IsActive: 1
--- !u!1 &1000011390856644
GameObject:
  m_ObjectHideFlags: 1
  m_PrefabParentObject: {fileID: 0}
  m_PrefabInternal: {fileID: 100100000}
  serializedVersion: 4
  m_Component:
  - 4: {fileID: 4000010973993382}
  m_Layer: 0
  m_Name: female_green:LeftLeg
  m_TagString: Untagged
  m_Icon: {fileID: 0}
  m_NavMeshLayer: 0
  m_StaticEditorFlags: 0
  m_IsActive: 1
--- !u!1 &1000011455447504
GameObject:
  m_ObjectHideFlags: 1
  m_PrefabParentObject: {fileID: 0}
  m_PrefabInternal: {fileID: 100100000}
  serializedVersion: 4
  m_Component:
  - 4: {fileID: 4000012190114278}
  m_Layer: 0
  m_Name: female_green:LeftShoulder
  m_TagString: Untagged
  m_Icon: {fileID: 0}
  m_NavMeshLayer: 0
  m_StaticEditorFlags: 0
  m_IsActive: 1
--- !u!1 &1000011706530370
GameObject:
  m_ObjectHideFlags: 1
  m_PrefabParentObject: {fileID: 0}
  m_PrefabInternal: {fileID: 100100000}
  serializedVersion: 4
  m_Component:
  - 4: {fileID: 4000012623273842}
  m_Layer: 0
  m_Name: female_green:LeftHandPinky2
  m_TagString: Untagged
  m_Icon: {fileID: 0}
  m_NavMeshLayer: 0
  m_StaticEditorFlags: 0
  m_IsActive: 1
--- !u!1 &1000011730209368
GameObject:
  m_ObjectHideFlags: 1
  m_PrefabParentObject: {fileID: 0}
  m_PrefabInternal: {fileID: 100100000}
  serializedVersion: 4
  m_Component:
  - 4: {fileID: 4000013692048356}
  m_Layer: 0
  m_Name: female_green:RightHandIndex2
  m_TagString: Untagged
  m_Icon: {fileID: 0}
  m_NavMeshLayer: 0
  m_StaticEditorFlags: 0
  m_IsActive: 1
--- !u!1 &1000011817972904
GameObject:
  m_ObjectHideFlags: 1
  m_PrefabParentObject: {fileID: 0}
  m_PrefabInternal: {fileID: 100100000}
  serializedVersion: 4
  m_Component:
  - 4: {fileID: 4000013172999146}
  m_Layer: 0
  m_Name: female_green:LeftHandMiddle2
  m_TagString: Untagged
  m_Icon: {fileID: 0}
  m_NavMeshLayer: 0
  m_StaticEditorFlags: 0
  m_IsActive: 1
--- !u!1 &1000011891699180
GameObject:
  m_ObjectHideFlags: 1
  m_PrefabParentObject: {fileID: 0}
  m_PrefabInternal: {fileID: 100100000}
  serializedVersion: 4
  m_Component:
  - 4: {fileID: 4000013438756976}
  m_Layer: 0
  m_Name: female_green:RightHandPinky3
  m_TagString: Untagged
  m_Icon: {fileID: 0}
  m_NavMeshLayer: 0
  m_StaticEditorFlags: 0
  m_IsActive: 1
--- !u!1 &1000011912317180
GameObject:
  m_ObjectHideFlags: 1
  m_PrefabParentObject: {fileID: 0}
  m_PrefabInternal: {fileID: 100100000}
  serializedVersion: 4
  m_Component:
  - 4: {fileID: 4000011111219418}
  m_Layer: 0
  m_Name: female_green:RightToe_End
  m_TagString: Untagged
  m_Icon: {fileID: 0}
  m_NavMeshLayer: 0
  m_StaticEditorFlags: 0
  m_IsActive: 1
--- !u!1 &1000011933662202
GameObject:
  m_ObjectHideFlags: 1
  m_PrefabParentObject: {fileID: 0}
  m_PrefabInternal: {fileID: 100100000}
  serializedVersion: 4
  m_Component:
  - 4: {fileID: 4000012342058014}
  m_Layer: 0
  m_Name: female_green:LeftArm
  m_TagString: Untagged
  m_Icon: {fileID: 0}
  m_NavMeshLayer: 0
  m_StaticEditorFlags: 0
  m_IsActive: 1
--- !u!1 &1000011960947332
GameObject:
  m_ObjectHideFlags: 1
  m_PrefabParentObject: {fileID: 0}
  m_PrefabInternal: {fileID: 100100000}
  serializedVersion: 4
  m_Component:
  - 4: {fileID: 4000012381393812}
  m_Layer: 0
  m_Name: female_green:Head
  m_TagString: Untagged
  m_Icon: {fileID: 0}
  m_NavMeshLayer: 0
  m_StaticEditorFlags: 0
  m_IsActive: 1
--- !u!1 &1000012043385554
GameObject:
  m_ObjectHideFlags: 1
  m_PrefabParentObject: {fileID: 0}
  m_PrefabInternal: {fileID: 100100000}
  serializedVersion: 4
  m_Component:
  - 4: {fileID: 4000012525002284}
  m_Layer: 0
  m_Name: female_green:RightShoulder
  m_TagString: Untagged
  m_Icon: {fileID: 0}
  m_NavMeshLayer: 0
  m_StaticEditorFlags: 0
  m_IsActive: 1
--- !u!1 &1000012210659360
GameObject:
  m_ObjectHideFlags: 1
  m_PrefabParentObject: {fileID: 0}
  m_PrefabInternal: {fileID: 100100000}
  serializedVersion: 4
  m_Component:
  - 4: {fileID: 4000012137678698}
  m_Layer: 0
  m_Name: female_green:LeftHandRing4
  m_TagString: Untagged
  m_Icon: {fileID: 0}
  m_NavMeshLayer: 0
  m_StaticEditorFlags: 0
  m_IsActive: 1
--- !u!1 &1000012233026802
GameObject:
  m_ObjectHideFlags: 1
  m_PrefabParentObject: {fileID: 0}
  m_PrefabInternal: {fileID: 100100000}
  serializedVersion: 4
  m_Component:
  - 4: {fileID: 4000011572583724}
  m_Layer: 0
  m_Name: female_green:LeftHandRing3
  m_TagString: Untagged
  m_Icon: {fileID: 0}
  m_NavMeshLayer: 0
  m_StaticEditorFlags: 0
  m_IsActive: 1
--- !u!1 &1000012346388122
GameObject:
  m_ObjectHideFlags: 1
  m_PrefabParentObject: {fileID: 0}
  m_PrefabInternal: {fileID: 100100000}
  serializedVersion: 4
  m_Component:
  - 4: {fileID: 4000011046462930}
  m_Layer: 0
  m_Name: female_green:LeftHandMiddle3
  m_TagString: Untagged
  m_Icon: {fileID: 0}
  m_NavMeshLayer: 0
  m_StaticEditorFlags: 0
  m_IsActive: 1
--- !u!1 &1000012351200598
GameObject:
  m_ObjectHideFlags: 1
  m_PrefabParentObject: {fileID: 0}
  m_PrefabInternal: {fileID: 100100000}
  serializedVersion: 4
  m_Component:
  - 4: {fileID: 4000010337859408}
  m_Layer: 0
  m_Name: female_green:RightHandPinky1
  m_TagString: Untagged
  m_Icon: {fileID: 0}
  m_NavMeshLayer: 0
  m_StaticEditorFlags: 0
  m_IsActive: 1
--- !u!1 &1000012381605462
GameObject:
  m_ObjectHideFlags: 1
  m_PrefabParentObject: {fileID: 0}
  m_PrefabInternal: {fileID: 100100000}
  serializedVersion: 4
  m_Component:
  - 4: {fileID: 4000012024333114}
  m_Layer: 0
  m_Name: female_green:RightHandPinky4
  m_TagString: Untagged
  m_Icon: {fileID: 0}
  m_NavMeshLayer: 0
  m_StaticEditorFlags: 0
  m_IsActive: 1
--- !u!1 &1000012439280234
GameObject:
  m_ObjectHideFlags: 1
  m_PrefabParentObject: {fileID: 0}
  m_PrefabInternal: {fileID: 100100000}
  serializedVersion: 4
  m_Component:
  - 4: {fileID: 4000012013048576}
  m_Layer: 0
  m_Name: female_green:RightHandPinky2
  m_TagString: Untagged
  m_Icon: {fileID: 0}
  m_NavMeshLayer: 0
  m_StaticEditorFlags: 0
  m_IsActive: 1
--- !u!1 &1000012453700476
GameObject:
  m_ObjectHideFlags: 1
  m_PrefabParentObject: {fileID: 0}
  m_PrefabInternal: {fileID: 100100000}
  serializedVersion: 4
  m_Component:
  - 4: {fileID: 4000013708849082}
  m_Layer: 0
  m_Name: female_green:LeftHandThumb2
  m_TagString: Untagged
  m_Icon: {fileID: 0}
  m_NavMeshLayer: 0
  m_StaticEditorFlags: 0
  m_IsActive: 1
--- !u!1 &1000012531476696
GameObject:
  m_ObjectHideFlags: 1
  m_PrefabParentObject: {fileID: 0}
  m_PrefabInternal: {fileID: 100100000}
  serializedVersion: 4
  m_Component:
  - 4: {fileID: 4000013557052200}
  m_Layer: 0
  m_Name: female_green:RightHandThumb3
  m_TagString: Untagged
  m_Icon: {fileID: 0}
  m_NavMeshLayer: 0
  m_StaticEditorFlags: 0
  m_IsActive: 1
--- !u!1 &1000012590913746
GameObject:
  m_ObjectHideFlags: 1
  m_PrefabParentObject: {fileID: 0}
  m_PrefabInternal: {fileID: 100100000}
  serializedVersion: 4
  m_Component:
  - 4: {fileID: 4000010193633318}
  m_Layer: 0
  m_Name: female_green:LeftHandRing2
  m_TagString: Untagged
  m_Icon: {fileID: 0}
  m_NavMeshLayer: 0
  m_StaticEditorFlags: 0
  m_IsActive: 1
--- !u!1 &1000012607591552
GameObject:
  m_ObjectHideFlags: 1
  m_PrefabParentObject: {fileID: 0}
  m_PrefabInternal: {fileID: 100100000}
  serializedVersion: 4
  m_Component:
  - 4: {fileID: 4000010737687606}
  m_Layer: 0
  m_Name: female_green:LeftHandMiddle1
  m_TagString: Untagged
  m_Icon: {fileID: 0}
  m_NavMeshLayer: 0
  m_StaticEditorFlags: 0
  m_IsActive: 1
--- !u!1 &1000012609420326
GameObject:
  m_ObjectHideFlags: 0
  m_PrefabParentObject: {fileID: 0}
  m_PrefabInternal: {fileID: 100100000}
  serializedVersion: 4
  m_Component:
  - 4: {fileID: 4000013068328288}
  m_Layer: 0
  m_Name: female_green:Hips
  m_TagString: Untagged
  m_Icon: {fileID: 0}
  m_NavMeshLayer: 0
  m_StaticEditorFlags: 0
  m_IsActive: 1
--- !u!1 &1000012647217198
GameObject:
  m_ObjectHideFlags: 1
  m_PrefabParentObject: {fileID: 0}
  m_PrefabInternal: {fileID: 100100000}
  serializedVersion: 4
  m_Component:
  - 4: {fileID: 4000012324681838}
  m_Layer: 0
  m_Name: female_green:RightHandThumb4
  m_TagString: Untagged
  m_Icon: {fileID: 0}
  m_NavMeshLayer: 0
  m_StaticEditorFlags: 0
  m_IsActive: 1
--- !u!1 &1000012749415244
GameObject:
  m_ObjectHideFlags: 0
  m_PrefabParentObject: {fileID: 0}
  m_PrefabInternal: {fileID: 100100000}
  serializedVersion: 4
  m_Component:
  - 4: {fileID: 4000010864306220}
  - 137: {fileID: 137000012723379900}
  m_Layer: 0
  m_Name: female_green:Body
  m_TagString: Untagged
  m_Icon: {fileID: 0}
  m_NavMeshLayer: 0
  m_StaticEditorFlags: 0
  m_IsActive: 1
--- !u!1 &1000012790847222
GameObject:
  m_ObjectHideFlags: 1
  m_PrefabParentObject: {fileID: 0}
  m_PrefabInternal: {fileID: 100100000}
  serializedVersion: 4
  m_Component:
  - 4: {fileID: 4000010591835142}
  m_Layer: 0
  m_Name: female_green:RightUpLeg
  m_TagString: Untagged
  m_Icon: {fileID: 0}
  m_NavMeshLayer: 0
  m_StaticEditorFlags: 0
  m_IsActive: 1
--- !u!1 &1000012796910784
GameObject:
  m_ObjectHideFlags: 1
  m_PrefabParentObject: {fileID: 0}
  m_PrefabInternal: {fileID: 100100000}
  serializedVersion: 4
  m_Component:
  - 4: {fileID: 4000014076913252}
  m_Layer: 0
  m_Name: female_green:LeftHandThumb4
  m_TagString: Untagged
  m_Icon: {fileID: 0}
  m_NavMeshLayer: 0
  m_StaticEditorFlags: 0
  m_IsActive: 1
--- !u!1 &1000012812733038
GameObject:
  m_ObjectHideFlags: 1
  m_PrefabParentObject: {fileID: 0}
  m_PrefabInternal: {fileID: 100100000}
  serializedVersion: 4
  m_Component:
  - 4: {fileID: 4000014195021168}
  m_Layer: 0
  m_Name: female_green:LeftHandPinky4
  m_TagString: Untagged
  m_Icon: {fileID: 0}
  m_NavMeshLayer: 0
  m_StaticEditorFlags: 0
  m_IsActive: 1
--- !u!1 &1000012816581726
GameObject:
  m_ObjectHideFlags: 1
  m_PrefabParentObject: {fileID: 0}
  m_PrefabInternal: {fileID: 100100000}
  serializedVersion: 4
  m_Component:
  - 4: {fileID: 4000013005648202}
  m_Layer: 0
  m_Name: female_green:Spine
  m_TagString: Untagged
  m_Icon: {fileID: 0}
  m_NavMeshLayer: 0
  m_StaticEditorFlags: 0
  m_IsActive: 1
--- !u!1 &1000012822428224
GameObject:
  m_ObjectHideFlags: 1
  m_PrefabParentObject: {fileID: 0}
  m_PrefabInternal: {fileID: 100100000}
  serializedVersion: 4
  m_Component:
  - 4: {fileID: 4000010142254002}
  m_Layer: 0
  m_Name: female_green:RightHandRing4
  m_TagString: Untagged
  m_Icon: {fileID: 0}
  m_NavMeshLayer: 0
  m_StaticEditorFlags: 0
  m_IsActive: 1
--- !u!1 &1000012903865812
GameObject:
  m_ObjectHideFlags: 0
  m_PrefabParentObject: {fileID: 0}
  m_PrefabInternal: {fileID: 100100000}
  serializedVersion: 4
  m_Component:
  - 4: {fileID: 4000012194745878}
  - 137: {fileID: 137000010789971144}
  m_Layer: 0
  m_Name: female_green:Bottoms
  m_TagString: Untagged
  m_Icon: {fileID: 0}
  m_NavMeshLayer: 0
  m_StaticEditorFlags: 0
  m_IsActive: 1
--- !u!1 &1000013078656028
GameObject:
  m_ObjectHideFlags: 0
  m_PrefabParentObject: {fileID: 0}
  m_PrefabInternal: {fileID: 100100000}
  serializedVersion: 4
  m_Component:
  - 4: {fileID: 4000013132688944}
  - 137: {fileID: 137000013119400024}
  m_Layer: 0
  m_Name: female_green:Hats
  m_TagString: Untagged
  m_Icon: {fileID: 0}
  m_NavMeshLayer: 0
  m_StaticEditorFlags: 0
  m_IsActive: 1
--- !u!1 &1000013079946574
GameObject:
  m_ObjectHideFlags: 1
  m_PrefabParentObject: {fileID: 0}
  m_PrefabInternal: {fileID: 100100000}
  serializedVersion: 4
  m_Component:
  - 4: {fileID: 4000010216794230}
  m_Layer: 0
  m_Name: female_green:RightHandMiddle1
  m_TagString: Untagged
  m_Icon: {fileID: 0}
  m_NavMeshLayer: 0
  m_StaticEditorFlags: 0
  m_IsActive: 1
--- !u!1 &1000013123816966
GameObject:
  m_ObjectHideFlags: 1
  m_PrefabParentObject: {fileID: 0}
  m_PrefabInternal: {fileID: 100100000}
  serializedVersion: 4
  m_Component:
  - 4: {fileID: 4000014081667448}
  m_Layer: 0
  m_Name: female_green:LeftHandIndex4
  m_TagString: Untagged
  m_Icon: {fileID: 0}
  m_NavMeshLayer: 0
  m_StaticEditorFlags: 0
  m_IsActive: 1
--- !u!1 &1000013190546794
GameObject:
  m_ObjectHideFlags: 0
  m_PrefabParentObject: {fileID: 0}
  m_PrefabInternal: {fileID: 100100000}
  serializedVersion: 4
  m_Component:
  - 4: {fileID: 4000010028527514}
  - 137: {fileID: 137000013298517190}
  m_Layer: 0
  m_Name: female_green:Shoes
  m_TagString: Untagged
  m_Icon: {fileID: 0}
  m_NavMeshLayer: 0
  m_StaticEditorFlags: 0
  m_IsActive: 1
--- !u!1 &1000013249601070
GameObject:
  m_ObjectHideFlags: 1
  m_PrefabParentObject: {fileID: 0}
  m_PrefabInternal: {fileID: 100100000}
  serializedVersion: 4
  m_Component:
  - 4: {fileID: 4000013321672238}
  m_Layer: 0
  m_Name: female_green:RightFoot
  m_TagString: Untagged
  m_Icon: {fileID: 0}
  m_NavMeshLayer: 0
  m_StaticEditorFlags: 0
  m_IsActive: 1
--- !u!1 &1000013411644128
GameObject:
  m_ObjectHideFlags: 1
  m_PrefabParentObject: {fileID: 0}
  m_PrefabInternal: {fileID: 100100000}
  serializedVersion: 4
  m_Component:
  - 4: {fileID: 4000013555894432}
  m_Layer: 0
  m_Name: female_green:LeftToeBase
  m_TagString: Untagged
  m_Icon: {fileID: 0}
  m_NavMeshLayer: 0
  m_StaticEditorFlags: 0
  m_IsActive: 1
--- !u!1 &1000013437542256
GameObject:
  m_ObjectHideFlags: 0
  m_PrefabParentObject: {fileID: 0}
  m_PrefabInternal: {fileID: 100100000}
  serializedVersion: 4
  m_Component:
  - 4: {fileID: 4000010068674726}
  - 95: {fileID: 95000011014008044}
  - 114: {fileID: 114000010221597878}
  - 65: {fileID: 65000011491889110}
  - 114: {fileID: 114000013239191850}
  m_Layer: 0
  m_Name: female2_1
  m_TagString: Untagged
  m_Icon: {fileID: 0}
  m_NavMeshLayer: 0
  m_StaticEditorFlags: 0
  m_IsActive: 1
--- !u!1 &1000013456490962
GameObject:
  m_ObjectHideFlags: 1
  m_PrefabParentObject: {fileID: 0}
  m_PrefabInternal: {fileID: 100100000}
  serializedVersion: 4
  m_Component:
  - 4: {fileID: 4000010924897016}
  m_Layer: 0
  m_Name: female_green:LeftForeArm
  m_TagString: Untagged
  m_Icon: {fileID: 0}
  m_NavMeshLayer: 0
  m_StaticEditorFlags: 0
  m_IsActive: 1
--- !u!1 &1000013461560448
GameObject:
  m_ObjectHideFlags: 1
  m_PrefabParentObject: {fileID: 0}
  m_PrefabInternal: {fileID: 100100000}
  serializedVersion: 4
  m_Component:
  - 4: {fileID: 4000013220270980}
  m_Layer: 0
  m_Name: female_green:RightLeg
  m_TagString: Untagged
  m_Icon: {fileID: 0}
  m_NavMeshLayer: 0
  m_StaticEditorFlags: 0
  m_IsActive: 1
--- !u!1 &1000013502558088
GameObject:
  m_ObjectHideFlags: 1
  m_PrefabParentObject: {fileID: 0}
  m_PrefabInternal: {fileID: 100100000}
  serializedVersion: 4
  m_Component:
  - 4: {fileID: 4000010570200170}
  m_Layer: 0
  m_Name: female_green:Spine2
  m_TagString: Untagged
  m_Icon: {fileID: 0}
  m_NavMeshLayer: 0
  m_StaticEditorFlags: 0
  m_IsActive: 1
--- !u!1 &1000013623115228
GameObject:
  m_ObjectHideFlags: 1
  m_PrefabParentObject: {fileID: 0}
  m_PrefabInternal: {fileID: 100100000}
  serializedVersion: 4
  m_Component:
  - 4: {fileID: 4000012481871842}
  m_Layer: 0
  m_Name: female_green:LeftHandThumb1
  m_TagString: Untagged
  m_Icon: {fileID: 0}
  m_NavMeshLayer: 0
  m_StaticEditorFlags: 0
  m_IsActive: 1
--- !u!1 &1000013725804516
GameObject:
  m_ObjectHideFlags: 1
  m_PrefabParentObject: {fileID: 0}
  m_PrefabInternal: {fileID: 100100000}
  serializedVersion: 4
  m_Component:
  - 4: {fileID: 4000010829285994}
  m_Layer: 0
  m_Name: female_green:RightHandIndex4
  m_TagString: Untagged
  m_Icon: {fileID: 0}
  m_NavMeshLayer: 0
  m_StaticEditorFlags: 0
  m_IsActive: 1
--- !u!1 &1000013749622964
GameObject:
  m_ObjectHideFlags: 1
  m_PrefabParentObject: {fileID: 0}
  m_PrefabInternal: {fileID: 100100000}
  serializedVersion: 4
  m_Component:
  - 4: {fileID: 4000010993427224}
  m_Layer: 0
  m_Name: female_green:Neck
  m_TagString: Untagged
  m_Icon: {fileID: 0}
  m_NavMeshLayer: 0
  m_StaticEditorFlags: 0
  m_IsActive: 1
--- !u!1 &1000013824239770
GameObject:
  m_ObjectHideFlags: 1
  m_PrefabParentObject: {fileID: 0}
  m_PrefabInternal: {fileID: 100100000}
  serializedVersion: 4
  m_Component:
  - 4: {fileID: 4000011666596156}
  m_Layer: 0
  m_Name: female_green:RightHandMiddle2
  m_TagString: Untagged
  m_Icon: {fileID: 0}
  m_NavMeshLayer: 0
  m_StaticEditorFlags: 0
  m_IsActive: 1
--- !u!1 &1000013901430732
GameObject:
  m_ObjectHideFlags: 1
  m_PrefabParentObject: {fileID: 0}
  m_PrefabInternal: {fileID: 100100000}
  serializedVersion: 4
  m_Component:
  - 4: {fileID: 4000011633927866}
  m_Layer: 0
  m_Name: female_green:RightHandRing1
  m_TagString: Untagged
  m_Icon: {fileID: 0}
  m_NavMeshLayer: 0
  m_StaticEditorFlags: 0
  m_IsActive: 1
--- !u!1 &1000013988820294
GameObject:
  m_ObjectHideFlags: 1
  m_PrefabParentObject: {fileID: 0}
  m_PrefabInternal: {fileID: 100100000}
  serializedVersion: 4
  m_Component:
  - 4: {fileID: 4000014059248328}
  m_Layer: 0
  m_Name: female_green:RightHandThumb2
  m_TagString: Untagged
  m_Icon: {fileID: 0}
  m_NavMeshLayer: 0
  m_StaticEditorFlags: 0
  m_IsActive: 1
--- !u!1 &1000014002001370
GameObject:
  m_ObjectHideFlags: 1
  m_PrefabParentObject: {fileID: 0}
  m_PrefabInternal: {fileID: 100100000}
  serializedVersion: 4
  m_Component:
  - 4: {fileID: 4000011124241134}
  m_Layer: 0
  m_Name: female_green:LeftFoot
  m_TagString: Untagged
  m_Icon: {fileID: 0}
  m_NavMeshLayer: 0
  m_StaticEditorFlags: 0
  m_IsActive: 1
--- !u!1 &1000014073051708
GameObject:
  m_ObjectHideFlags: 1
  m_PrefabParentObject: {fileID: 0}
  m_PrefabInternal: {fileID: 100100000}
  serializedVersion: 4
  m_Component:
  - 4: {fileID: 4000013106056652}
  m_Layer: 0
  m_Name: female_green:LeftHandIndex2
  m_TagString: Untagged
  m_Icon: {fileID: 0}
  m_NavMeshLayer: 0
  m_StaticEditorFlags: 0
  m_IsActive: 1
--- !u!1 &1000014075467652
GameObject:
  m_ObjectHideFlags: 1
  m_PrefabParentObject: {fileID: 0}
  m_PrefabInternal: {fileID: 100100000}
  serializedVersion: 4
  m_Component:
  - 4: {fileID: 4000011909796068}
  m_Layer: 0
  m_Name: female_green:LeftHandMiddle4
  m_TagString: Untagged
  m_Icon: {fileID: 0}
  m_NavMeshLayer: 0
  m_StaticEditorFlags: 0
  m_IsActive: 1
--- !u!1 &1000014089337728
GameObject:
  m_ObjectHideFlags: 1
  m_PrefabParentObject: {fileID: 0}
  m_PrefabInternal: {fileID: 100100000}
  serializedVersion: 4
  m_Component:
  - 4: {fileID: 4000010649522692}
  m_Layer: 0
  m_Name: female_green:LeftHandPinky3
  m_TagString: Untagged
  m_Icon: {fileID: 0}
  m_NavMeshLayer: 0
  m_StaticEditorFlags: 0
  m_IsActive: 1
--- !u!1 &1000014113865752
GameObject:
  m_ObjectHideFlags: 1
  m_PrefabParentObject: {fileID: 0}
  m_PrefabInternal: {fileID: 100100000}
  serializedVersion: 4
  m_Component:
  - 4: {fileID: 4000010713039832}
  m_Layer: 0
  m_Name: female_green:LeftHandIndex3
  m_TagString: Untagged
  m_Icon: {fileID: 0}
  m_NavMeshLayer: 0
  m_StaticEditorFlags: 0
  m_IsActive: 1
--- !u!1 &1000014142596480
GameObject:
  m_ObjectHideFlags: 1
  m_PrefabParentObject: {fileID: 0}
  m_PrefabInternal: {fileID: 100100000}
  serializedVersion: 4
  m_Component:
  - 4: {fileID: 4000013394411650}
  m_Layer: 0
  m_Name: female_green:HeadTop_End
  m_TagString: Untagged
  m_Icon: {fileID: 0}
  m_NavMeshLayer: 0
  m_StaticEditorFlags: 0
  m_IsActive: 1
--- !u!1 &1000014202389028
GameObject:
  m_ObjectHideFlags: 1
  m_PrefabParentObject: {fileID: 0}
  m_PrefabInternal: {fileID: 100100000}
  serializedVersion: 4
  m_Component:
  - 4: {fileID: 4000010470869628}
  m_Layer: 0
  m_Name: female_green:RightForeArm
  m_TagString: Untagged
  m_Icon: {fileID: 0}
  m_NavMeshLayer: 0
  m_StaticEditorFlags: 0
  m_IsActive: 1
--- !u!1 &1000014286877418
GameObject:
  m_ObjectHideFlags: 1
  m_PrefabParentObject: {fileID: 0}
  m_PrefabInternal: {fileID: 100100000}
  serializedVersion: 4
  m_Component:
  - 4: {fileID: 4000013318890602}
  m_Layer: 0
  m_Name: female_green:LeftToe_End
  m_TagString: Untagged
  m_Icon: {fileID: 0}
  m_NavMeshLayer: 0
  m_StaticEditorFlags: 0
  m_IsActive: 1
--- !u!4 &4000010028527514
Transform:
  m_ObjectHideFlags: 1
  m_PrefabParentObject: {fileID: 0}
  m_PrefabInternal: {fileID: 100100000}
  m_GameObject: {fileID: 1000013190546794}
  m_LocalRotation: {x: 0, y: -0, z: -0, w: 1}
  m_LocalPosition: {x: -0, y: 0, z: 0}
  m_LocalScale: {x: 1, y: 1, z: 1}
  m_LocalEulerAnglesHint: {x: 0, y: 0, z: 0}
  m_Children: []
  m_Father: {fileID: 4000010068674726}
  m_RootOrder: 4
--- !u!4 &4000010068674726
Transform:
  m_ObjectHideFlags: 1
  m_PrefabParentObject: {fileID: 0}
  m_PrefabInternal: {fileID: 100100000}
  m_GameObject: {fileID: 1000013437542256}
  m_LocalRotation: {x: 0, y: 0, z: 0, w: 1}
  m_LocalPosition: {x: 8.18, y: 0, z: 0}
  m_LocalScale: {x: 1, y: 1, z: 1}
  m_LocalEulerAnglesHint: {x: 0, y: 0, z: 0}
  m_Children:
  - {fileID: 4000010864306220}
  - {fileID: 4000012194745878}
  - {fileID: 4000013132688944}
  - {fileID: 4000013068328288}
  - {fileID: 4000010028527514}
  - {fileID: 4000010559789700}
  m_Father: {fileID: 0}
  m_RootOrder: 0
--- !u!4 &4000010072827958
Transform:
  m_ObjectHideFlags: 1
  m_PrefabParentObject: {fileID: 0}
  m_PrefabInternal: {fileID: 100100000}
  m_GameObject: {fileID: 1000011173855474}
  m_LocalRotation: {x: -0.14823735, y: 0.010585064, z: 0.01611822, w: 0.9887638}
  m_LocalPosition: {x: -1.252402e-10, y: 0.10613248, z: -0.0000000013003564}
  m_LocalScale: {x: 1, y: 1, z: 1}
  m_LocalEulerAnglesHint: {x: 0, y: 0, z: 0}
  m_Children:
  - {fileID: 4000010470869628}
  m_Father: {fileID: 4000012525002284}
  m_RootOrder: 0
--- !u!4 &4000010083185642
Transform:
  m_ObjectHideFlags: 1
  m_PrefabParentObject: {fileID: 0}
  m_PrefabInternal: {fileID: 100100000}
  m_GameObject: {fileID: 1000010283869530}
  m_LocalRotation: {x: 0, y: -0, z: -0, w: 1}
  m_LocalPosition: {x: -0.00018245414, y: 0.026372535, z: -9.732929e-11}
  m_LocalScale: {x: 1, y: 1, z: 1}
  m_LocalEulerAnglesHint: {x: 0, y: 0, z: 0}
  m_Children: []
  m_Father: {fileID: 4000013102701220}
  m_RootOrder: 0
--- !u!4 &4000010142254002
Transform:
  m_ObjectHideFlags: 1
  m_PrefabParentObject: {fileID: 0}
  m_PrefabInternal: {fileID: 100100000}
  m_GameObject: {fileID: 1000012822428224}
  m_LocalRotation: {x: 0, y: -0, z: -0, w: 1}
  m_LocalPosition: {x: -0.0001245441, y: 0.02263225, z: 1.1879848e-10}
  m_LocalScale: {x: 1, y: 1, z: 1}
  m_LocalEulerAnglesHint: {x: 0, y: 0, z: 0}
  m_Children: []
  m_Father: {fileID: 4000013268689356}
  m_RootOrder: 0
--- !u!4 &4000010193633318
Transform:
  m_ObjectHideFlags: 1
  m_PrefabParentObject: {fileID: 0}
  m_PrefabInternal: {fileID: 100100000}
  m_GameObject: {fileID: 1000012590913746}
  m_LocalRotation: {x: 0.0000002413157, y: -0.000049533606, z: -0.0016942958, w: 0.99999857}
  m_LocalPosition: {x: -0.000012843896, y: 0.02611687, z: 2.0066153e-10}
  m_LocalScale: {x: 1, y: 1, z: 1}
  m_LocalEulerAnglesHint: {x: 0, y: 0, z: 0}
  m_Children:
  - {fileID: 4000011572583724}
  m_Father: {fileID: 4000012923702428}
  m_RootOrder: 0
--- !u!4 &4000010216794230
Transform:
  m_ObjectHideFlags: 1
  m_PrefabParentObject: {fileID: 0}
  m_PrefabInternal: {fileID: 100100000}
  m_GameObject: {fileID: 1000013079946574}
  m_LocalRotation: {x: -0.0032575405, y: -0.0000101867245, z: 0.040541284, w: 0.99917257}
  m_LocalPosition: {x: -0.008256935, y: 0.10149821, z: -0.0006629149}
  m_LocalScale: {x: 1, y: 1, z: 1}
  m_LocalEulerAnglesHint: {x: 0, y: 0, z: 0}
  m_Children:
  - {fileID: 4000011666596156}
  m_Father: {fileID: 4000012328085526}
  m_RootOrder: 1
--- !u!4 &4000010337859408
Transform:
  m_ObjectHideFlags: 1
  m_PrefabParentObject: {fileID: 0}
  m_PrefabInternal: {fileID: 100100000}
  m_GameObject: {fileID: 1000012351200598}
  m_LocalRotation: {x: -0.003374116, y: 0.002800728, z: 0.03982526, w: 0.99919707}
  m_LocalPosition: {x: 0.026622493, y: 0.093524694, z: 0.0027231048}
  m_LocalScale: {x: 1, y: 1, z: 1}
  m_LocalEulerAnglesHint: {x: 0, y: 0, z: 0}
  m_Children:
  - {fileID: 4000012013048576}
  m_Father: {fileID: 4000012328085526}
  m_RootOrder: 2
--- !u!4 &4000010389607560
Transform:
  m_ObjectHideFlags: 1
  m_PrefabParentObject: {fileID: 0}
  m_PrefabInternal: {fileID: 100100000}
  m_GameObject: {fileID: 1000011192650776}
  m_LocalRotation: {x: 0.00080873474, y: -0.08820002, z: 0.044824254, w: 0.9950934}
  m_LocalPosition: {x: -1.8124742e-10, y: 0.20483184, z: -1.14913516e-10}
  m_LocalScale: {x: 1, y: 1, z: 1}
  m_LocalEulerAnglesHint: {x: 0, y: 0, z: 0}
  m_Children:
  - {fileID: 4000011891341198}
  - {fileID: 4000010737687606}
  - {fileID: 4000012788776968}
  - {fileID: 4000012923702428}
  - {fileID: 4000012481871842}
  m_Father: {fileID: 4000010924897016}
  m_RootOrder: 0
--- !u!4 &4000010470869628
Transform:
  m_ObjectHideFlags: 1
  m_PrefabParentObject: {fileID: 0}
  m_PrefabInternal: {fileID: 100100000}
  m_GameObject: {fileID: 1000014202389028}
  m_LocalRotation: {x: -0.000000088829054, y: -0.0006846463, z: -0.00000025000003,
    w: 0.99999976}
  m_LocalPosition: {x: -7.939199e-10, y: 0.24143174, z: 5.5906352e-11}
  m_LocalScale: {x: 1, y: 1, z: 1}
  m_LocalEulerAnglesHint: {x: 0, y: 0, z: 0}
  m_Children:
  - {fileID: 4000012328085526}
  m_Father: {fileID: 4000010072827958}
  m_RootOrder: 0
--- !u!4 &4000010559789700
Transform:
  m_ObjectHideFlags: 1
  m_PrefabParentObject: {fileID: 0}
  m_PrefabInternal: {fileID: 100100000}
  m_GameObject: {fileID: 1000010229425242}
  m_LocalRotation: {x: 0, y: -0, z: -0, w: 1}
  m_LocalPosition: {x: -0, y: 0, z: 0}
  m_LocalScale: {x: 1, y: 1, z: 1}
  m_LocalEulerAnglesHint: {x: 0, y: 0, z: 0}
  m_Children: []
  m_Father: {fileID: 4000010068674726}
  m_RootOrder: 5
--- !u!4 &4000010570200170
Transform:
  m_ObjectHideFlags: 1
  m_PrefabParentObject: {fileID: 0}
  m_PrefabInternal: {fileID: 100100000}
  m_GameObject: {fileID: 1000013502558088}
  m_LocalRotation: {x: -1.3877788e-17, y: 1.0097421e-27, z: 1.7670484e-27, w: 1}
  m_LocalPosition: {x: -0, y: 0.108680084, z: 1.4109076e-10}
  m_LocalScale: {x: 1, y: 1, z: 1}
  m_LocalEulerAnglesHint: {x: 0, y: 0, z: 0}
  m_Children:
  - {fileID: 4000012190114278}
  - {fileID: 4000010993427224}
  - {fileID: 4000012525002284}
  m_Father: {fileID: 4000012688194778}
  m_RootOrder: 0
--- !u!4 &4000010591835142
Transform:
  m_ObjectHideFlags: 1
  m_PrefabParentObject: {fileID: 0}
  m_PrefabInternal: {fileID: 100100000}
  m_GameObject: {fileID: 1000012790847222}
  m_LocalRotation: {x: 0.00097318774, y: 0.00094624714, z: 0.9999896, w: 0.0043462724}
  m_LocalPosition: {x: 0.07284021, y: -0.044757307, z: -0.005242023}
  m_LocalScale: {x: 1, y: 1, z: 1}
  m_LocalEulerAnglesHint: {x: 0, y: 0, z: 0}
  m_Children:
  - {fileID: 4000013220270980}
  m_Father: {fileID: 4000013068328288}
  m_RootOrder: 1
--- !u!4 &4000010649522692
Transform:
  m_ObjectHideFlags: 1
  m_PrefabParentObject: {fileID: 0}
  m_PrefabInternal: {fileID: 100100000}
  m_GameObject: {fileID: 1000014089337728}
  m_LocalRotation: {x: -0.000000029719283, y: 0.000058825284, z: 0.0018559747, w: 0.9999983}
  m_LocalPosition: {x: -0.00008718993, y: 0.020207541, z: -2.2264288e-10}
  m_LocalScale: {x: 1, y: 1, z: 1}
  m_LocalEulerAnglesHint: {x: 0, y: 0, z: 0}
  m_Children:
  - {fileID: 4000014195021168}
  m_Father: {fileID: 4000012623273842}
  m_RootOrder: 0
--- !u!4 &4000010713039832
Transform:
  m_ObjectHideFlags: 1
  m_PrefabParentObject: {fileID: 0}
  m_PrefabInternal: {fileID: 100100000}
  m_GameObject: {fileID: 1000014113865752}
  m_LocalRotation: {x: 0.00000017388683, y: 0.000008689647, z: -0.00007328393, w: 1}
  m_LocalPosition: {x: -0.00002262916, y: 0.025295861, z: 3.6001779e-12}
  m_LocalScale: {x: 1, y: 1, z: 1}
  m_LocalEulerAnglesHint: {x: 0, y: 0, z: 0}
  m_Children:
  - {fileID: 4000014081667448}
  m_Father: {fileID: 4000013106056652}
  m_RootOrder: 0
--- !u!4 &4000010737687606
Transform:
  m_ObjectHideFlags: 1
  m_PrefabParentObject: {fileID: 0}
  m_PrefabInternal: {fileID: 100100000}
  m_GameObject: {fileID: 1000012607591552}
  m_LocalRotation: {x: -0.0047425753, y: 0.00046313886, z: -0.044324536, w: 0.99900585}
  m_LocalPosition: {x: 0.009387309, y: 0.10497026, z: -0.0010034827}
  m_LocalScale: {x: 1, y: 1, z: 1}
  m_LocalEulerAnglesHint: {x: 0, y: 0, z: 0}
  m_Children:
  - {fileID: 4000013172999146}
  m_Father: {fileID: 4000010389607560}
  m_RootOrder: 1
--- !u!4 &4000010829285994
Transform:
  m_ObjectHideFlags: 1
  m_PrefabParentObject: {fileID: 0}
  m_PrefabInternal: {fileID: 100100000}
  m_GameObject: {fileID: 1000013725804516}
  m_LocalRotation: {x: 0, y: -0, z: -0, w: 1}
  m_LocalPosition: {x: 0.000008640291, y: 0.023600059, z: -1.0915443e-10}
  m_LocalScale: {x: 1, y: 1, z: 1}
  m_LocalEulerAnglesHint: {x: 0, y: 0, z: 0}
  m_Children: []
  m_Father: {fileID: 4000011534442368}
  m_RootOrder: 0
--- !u!4 &4000010864306220
Transform:
  m_ObjectHideFlags: 1
  m_PrefabParentObject: {fileID: 0}
  m_PrefabInternal: {fileID: 100100000}
  m_GameObject: {fileID: 1000012749415244}
  m_LocalRotation: {x: 0, y: -0, z: -0, w: 1}
  m_LocalPosition: {x: -0, y: 0, z: 0}
  m_LocalScale: {x: 1, y: 1, z: 1}
  m_LocalEulerAnglesHint: {x: 0, y: 0, z: 0}
  m_Children: []
  m_Father: {fileID: 4000010068674726}
  m_RootOrder: 0
--- !u!4 &4000010924897016
Transform:
  m_ObjectHideFlags: 1
  m_PrefabParentObject: {fileID: 0}
  m_PrefabInternal: {fileID: 100100000}
  m_GameObject: {fileID: 1000013456490962}
  m_LocalRotation: {x: 0.00000043523787, y: 0.00063082465, z: -0.000000018064595,
    w: 0.9999998}
  m_LocalPosition: {x: 6.278061e-11, y: 0.241134, z: -8.287344e-11}
  m_LocalScale: {x: 1, y: 1, z: 1}
  m_LocalEulerAnglesHint: {x: 0, y: 0, z: 0}
  m_Children:
  - {fileID: 4000010389607560}
  m_Father: {fileID: 4000012342058014}
  m_RootOrder: 0
--- !u!4 &4000010961238076
Transform:
  m_ObjectHideFlags: 1
  m_PrefabParentObject: {fileID: 0}
  m_PrefabInternal: {fileID: 100100000}
  m_GameObject: {fileID: 1000011049218844}
  m_LocalRotation: {x: -0.0010017724, y: 0.0028249242, z: 0.99997693, w: -0.0060915262}
  m_LocalPosition: {x: -0.07284021, y: -0.044757307, z: -0.008301124}
  m_LocalScale: {x: 1, y: 1, z: 1}
  m_LocalEulerAnglesHint: {x: 0, y: 0, z: 0}
  m_Children:
  - {fileID: 4000010973993382}
  m_Father: {fileID: 4000013068328288}
  m_RootOrder: 0
--- !u!4 &4000010973993382
Transform:
  m_ObjectHideFlags: 1
  m_PrefabParentObject: {fileID: 0}
  m_PrefabInternal: {fileID: 100100000}
  m_GameObject: {fileID: 1000011390856644}
  m_LocalRotation: {x: -0.03405444, y: -0.00022518734, z: -0.0105187595, w: 0.9993646}
  m_LocalPosition: {x: -2.6286048e-10, y: 0.4103022, z: -0.0000000011339683}
  m_LocalScale: {x: 1, y: 1, z: 1}
  m_LocalEulerAnglesHint: {x: 0, y: 0, z: 0}
  m_Children:
  - {fileID: 4000011124241134}
  m_Father: {fileID: 4000010961238076}
  m_RootOrder: 0
--- !u!4 &4000010993427224
Transform:
  m_ObjectHideFlags: 1
  m_PrefabParentObject: {fileID: 0}
  m_PrefabInternal: {fileID: 100100000}
  m_GameObject: {fileID: 1000013749622964}
  m_LocalRotation: {x: 0.07482928, y: 2.5499368e-14, z: 2.299264e-13, w: 0.9971964}
  m_LocalPosition: {x: -0, y: 0.12226507, z: 0.000000011801993}
  m_LocalScale: {x: 1, y: 1, z: 1}
  m_LocalEulerAnglesHint: {x: 0, y: 0, z: 0}
  m_Children:
  - {fileID: 4000012381393812}
  m_Father: {fileID: 4000010570200170}
  m_RootOrder: 1
--- !u!4 &4000011046462930
Transform:
  m_ObjectHideFlags: 1
  m_PrefabParentObject: {fileID: 0}
  m_PrefabInternal: {fileID: 100100000}
  m_GameObject: {fileID: 1000012346388122}
  m_LocalRotation: {x: -0.00000027847088, y: 0.0000057074094, z: 0.0051953197, w: 0.9999865}
  m_LocalPosition: {x: -0.00014298718, y: 0.027113311, z: 3.810754e-11}
  m_LocalScale: {x: 1, y: 1, z: 1}
  m_LocalEulerAnglesHint: {x: 0, y: 0, z: 0}
  m_Children:
  - {fileID: 4000011909796068}
  m_Father: {fileID: 4000013172999146}
  m_RootOrder: 0
--- !u!4 &4000011111219418
Transform:
  m_ObjectHideFlags: 1
  m_PrefabParentObject: {fileID: 0}
  m_PrefabInternal: {fileID: 100100000}
  m_GameObject: {fileID: 1000011912317180}
  m_LocalRotation: {x: 0, y: -0, z: -0, w: 1}
  m_LocalPosition: {x: -9.027353e-11, y: 0.051793847, z: 8.870961e-13}
  m_LocalScale: {x: 1, y: 1, z: 1}
  m_LocalEulerAnglesHint: {x: 0, y: 0, z: 0}
  m_Children: []
  m_Father: {fileID: 4000011241059062}
  m_RootOrder: 0
--- !u!4 &4000011124241134
Transform:
  m_ObjectHideFlags: 1
  m_PrefabParentObject: {fileID: 0}
  m_PrefabInternal: {fileID: 100100000}
  m_GameObject: {fileID: 1000014002001370}
  m_LocalRotation: {x: 0.4785273, y: 0.0037702934, z: 0.008842558, w: 0.87802005}
  m_LocalPosition: {x: 2.1249888e-10, y: 0.41003966, z: 0.000000001457185}
  m_LocalScale: {x: 1, y: 1, z: 1}
  m_LocalEulerAnglesHint: {x: 0, y: 0, z: 0}
  m_Children:
  - {fileID: 4000013555894432}
  m_Father: {fileID: 4000010973993382}
  m_RootOrder: 0
--- !u!4 &4000011241059062
Transform:
  m_ObjectHideFlags: 1
  m_PrefabParentObject: {fileID: 0}
  m_PrefabInternal: {fileID: 100100000}
  m_GameObject: {fileID: 1000011311839124}
  m_LocalRotation: {x: 0.31874958, y: -0.018601175, z: 0.0062567187, w: 0.9476358}
  m_LocalPosition: {x: 3.7180606e-11, y: 0.12887675, z: -5.136045e-10}
  m_LocalScale: {x: 1, y: 1, z: 1}
  m_LocalEulerAnglesHint: {x: 0, y: 0, z: 0}
  m_Children:
  - {fileID: 4000011111219418}
  m_Father: {fileID: 4000013321672238}
  m_RootOrder: 0
--- !u!4 &4000011534442368
Transform:
  m_ObjectHideFlags: 1
  m_PrefabParentObject: {fileID: 0}
  m_PrefabInternal: {fileID: 100100000}
  m_GameObject: {fileID: 1000010121861318}
  m_LocalRotation: {x: 0.00000006550927, y: -0.00000022347513, z: 0.00028994682, w: 1}
  m_LocalPosition: {x: -0.0000051303473, y: 0.025182694, z: -3.03543e-10}
  m_LocalScale: {x: 1, y: 1, z: 1}
  m_LocalEulerAnglesHint: {x: 0, y: 0, z: 0}
  m_Children:
  - {fileID: 4000010829285994}
  m_Father: {fileID: 4000013692048356}
  m_RootOrder: 0
--- !u!4 &4000011572583724
Transform:
  m_ObjectHideFlags: 1
  m_PrefabParentObject: {fileID: 0}
  m_PrefabInternal: {fileID: 100100000}
  m_GameObject: {fileID: 1000012233026802}
  m_LocalRotation: {x: 0.00000017635513, y: -0.00003196802, z: 0.004427522, w: 0.9999902}
  m_LocalPosition: {x: -0.00009471524, y: 0.024444597, z: -2.5637434e-10}
  m_LocalScale: {x: 1, y: 1, z: 1}
  m_LocalEulerAnglesHint: {x: 0, y: 0, z: 0}
  m_Children:
  - {fileID: 4000012137678698}
  m_Father: {fileID: 4000010193633318}
  m_RootOrder: 0
--- !u!4 &4000011633927866
Transform:
  m_ObjectHideFlags: 1
  m_PrefabParentObject: {fileID: 0}
  m_PrefabInternal: {fileID: 100100000}
  m_GameObject: {fileID: 1000013901430732}
  m_LocalRotation: {x: -0.0032010912, y: -0.001403841, z: 0.04086657, w: 0.9991585}
  m_LocalPosition: {x: 0.009954292, y: 0.10298324, z: -0.0028302234}
  m_LocalScale: {x: 1, y: 1, z: 1}
  m_LocalEulerAnglesHint: {x: 0, y: 0, z: 0}
  m_Children:
  - {fileID: 4000012962600180}
  m_Father: {fileID: 4000012328085526}
  m_RootOrder: 3
--- !u!4 &4000011666596156
Transform:
  m_ObjectHideFlags: 1
  m_PrefabParentObject: {fileID: 0}
  m_PrefabInternal: {fileID: 100100000}
  m_GameObject: {fileID: 1000013824239770}
  m_LocalRotation: {x: 0.0000005892451, y: 0.00014495963, z: 0.0032352668, w: 0.99999475}
  m_LocalPosition: {x: -0.000002029451, y: 0.029819721, z: -1.9012787e-10}
  m_LocalScale: {x: 1, y: 1, z: 1}
  m_LocalEulerAnglesHint: {x: 0, y: 0, z: 0}
  m_Children:
  - {fileID: 4000013102701220}
  m_Father: {fileID: 4000010216794230}
  m_RootOrder: 0
--- !u!4 &4000011772434716
Transform:
  m_ObjectHideFlags: 1
  m_PrefabParentObject: {fileID: 0}
  m_PrefabInternal: {fileID: 100100000}
  m_GameObject: {fileID: 1000010839651748}
  m_LocalRotation: {x: -0.003265535, y: 0.00018360735, z: 0.040500246, w: 0.9991742}
  m_LocalPosition: {x: -0.028319849, y: 0.10118915, z: -0.000026006963}
  m_LocalScale: {x: 1, y: 1, z: 1}
  m_LocalEulerAnglesHint: {x: 0, y: 0, z: 0}
  m_Children:
  - {fileID: 4000013692048356}
  m_Father: {fileID: 4000012328085526}
  m_RootOrder: 0
--- !u!4 &4000011891341198
Transform:
  m_ObjectHideFlags: 1
  m_PrefabParentObject: {fileID: 0}
  m_PrefabInternal: {fileID: 100100000}
  m_GameObject: {fileID: 1000011066883152}
  m_LocalRotation: {x: -0.0047739013, y: -0.00023750428, z: -0.043700755, w: 0.9990333}
  m_LocalPosition: {x: 0.02763893, y: 0.10049054, z: 0.00022814101}
  m_LocalScale: {x: 1, y: 1, z: 1}
  m_LocalEulerAnglesHint: {x: 0, y: 0, z: 0}
  m_Children:
  - {fileID: 4000013106056652}
  m_Father: {fileID: 4000010389607560}
  m_RootOrder: 0
--- !u!4 &4000011909796068
Transform:
  m_ObjectHideFlags: 1
  m_PrefabParentObject: {fileID: 0}
  m_PrefabInternal: {fileID: 100100000}
  m_GameObject: {fileID: 1000014075467652}
  m_LocalRotation: {x: 0, y: -0, z: -0, w: 1}
  m_LocalPosition: {x: 0.00012773609, y: 0.02501653, z: -2.1800018e-11}
  m_LocalScale: {x: 1, y: 1, z: 1}
  m_LocalEulerAnglesHint: {x: 0, y: 0, z: 0}
  m_Children: []
  m_Father: {fileID: 4000011046462930}
  m_RootOrder: 0
--- !u!4 &4000012013048576
Transform:
  m_ObjectHideFlags: 1
  m_PrefabParentObject: {fileID: 0}
  m_PrefabInternal: {fileID: 100100000}
  m_GameObject: {fileID: 1000012439280234}
  m_LocalRotation: {x: 0.0000000856926, y: 0.000041132862, z: 0.0026613793, w: 0.9999965}
  m_LocalPosition: {x: -0.000037424506, y: 0.024980376, z: -1.0415903e-10}
  m_LocalScale: {x: 1, y: 1, z: 1}
  m_LocalEulerAnglesHint: {x: 0, y: 0, z: 0}
  m_Children:
  - {fileID: 4000013438756976}
  m_Father: {fileID: 4000010337859408}
  m_RootOrder: 0
--- !u!4 &4000012024333114
Transform:
  m_ObjectHideFlags: 1
  m_PrefabParentObject: {fileID: 0}
  m_PrefabInternal: {fileID: 100100000}
  m_GameObject: {fileID: 1000012381605462}
  m_LocalRotation: {x: 0, y: -0, z: -0, w: 1}
  m_LocalPosition: {x: -0.000040004943, y: 0.018596733, z: 2.4583272e-10}
  m_LocalScale: {x: 1, y: 1, z: 1}
  m_LocalEulerAnglesHint: {x: 0, y: 0, z: 0}
  m_Children: []
  m_Father: {fileID: 4000013438756976}
  m_RootOrder: 0
--- !u!4 &4000012137678698
Transform:
  m_ObjectHideFlags: 1
  m_PrefabParentObject: {fileID: 0}
  m_PrefabInternal: {fileID: 100100000}
  m_GameObject: {fileID: 1000012210659360}
  m_LocalRotation: {x: 0, y: -0, z: -0, w: 1}
  m_LocalPosition: {x: 0.00010755949, y: 0.021734633, z: 9.610488e-11}
  m_LocalScale: {x: 1, y: 1, z: 1}
  m_LocalEulerAnglesHint: {x: 0, y: 0, z: 0}
  m_Children: []
  m_Father: {fileID: 4000011572583724}
  m_RootOrder: 0
--- !u!4 &4000012190114278
Transform:
  m_ObjectHideFlags: 1
  m_PrefabParentObject: {fileID: 0}
  m_PrefabInternal: {fileID: 100100000}
  m_GameObject: {fileID: 1000011455447504}
  m_LocalRotation: {x: 0.5517395, y: -0.43331385, z: 0.58352566, w: 0.40904838}
  m_LocalPosition: {x: -0.05190761, y: 0.10706748, z: -0.0028551214}
  m_LocalScale: {x: 1, y: 1, z: 1}
  m_LocalEulerAnglesHint: {x: 0, y: 0, z: 0}
  m_Children:
  - {fileID: 4000012342058014}
  m_Father: {fileID: 4000010570200170}
  m_RootOrder: 0
--- !u!4 &4000012194745878
Transform:
  m_ObjectHideFlags: 1
  m_PrefabParentObject: {fileID: 0}
  m_PrefabInternal: {fileID: 100100000}
  m_GameObject: {fileID: 1000012903865812}
  m_LocalRotation: {x: 0, y: -0, z: -0, w: 1}
  m_LocalPosition: {x: -0, y: 0, z: 0}
  m_LocalScale: {x: 1, y: 1, z: 1}
  m_LocalEulerAnglesHint: {x: 0, y: 0, z: 0}
  m_Children: []
  m_Father: {fileID: 4000010068674726}
  m_RootOrder: 1
--- !u!4 &4000012324681838
Transform:
  m_ObjectHideFlags: 1
  m_PrefabParentObject: {fileID: 0}
  m_PrefabInternal: {fileID: 100100000}
  m_GameObject: {fileID: 1000012647217198}
  m_LocalRotation: {x: 0, y: -0, z: -0, w: 1}
  m_LocalPosition: {x: -0.0012567348, y: 0.026531765, z: -4.7735993e-10}
  m_LocalScale: {x: 1, y: 1, z: 1}
  m_LocalEulerAnglesHint: {x: 0, y: 0, z: 0}
  m_Children: []
  m_Father: {fileID: 4000013557052200}
  m_RootOrder: 0
--- !u!4 &4000012328085526
Transform:
  m_ObjectHideFlags: 1
  m_PrefabParentObject: {fileID: 0}
  m_PrefabInternal: {fileID: 100100000}
  m_GameObject: {fileID: 1000011296087428}
  m_LocalRotation: {x: -0.00008582579, y: 0.082071066, z: -0.04070449, w: 0.9957949}
  m_LocalPosition: {x: -7.311913e-11, y: 0.20482664, z: -1.5182508e-10}
  m_LocalScale: {x: 1, y: 1, z: 1}
  m_LocalEulerAnglesHint: {x: 0, y: 0, z: 0}
  m_Children:
  - {fileID: 4000011772434716}
  - {fileID: 4000010216794230}
  - {fileID: 4000010337859408}
  - {fileID: 4000011633927866}
  - {fileID: 4000012504084764}
  m_Father: {fileID: 4000010470869628}
  m_RootOrder: 0
--- !u!4 &4000012342058014
Transform:
  m_ObjectHideFlags: 1
  m_PrefabParentObject: {fileID: 0}
  m_PrefabInternal: {fileID: 100100000}
  m_GameObject: {fileID: 1000011933662202}
  m_LocalRotation: {x: -0.1465262, y: -0.0064665796, z: -0.027624788, w: 0.98879987}
  m_LocalPosition: {x: 3.0341196e-10, y: 0.10613248, z: -0.0000000012722701}
  m_LocalScale: {x: 1, y: 1, z: 1}
  m_LocalEulerAnglesHint: {x: 0, y: 0, z: 0}
  m_Children:
  - {fileID: 4000010924897016}
  m_Father: {fileID: 4000012190114278}
  m_RootOrder: 0
--- !u!4 &4000012381393812
Transform:
  m_ObjectHideFlags: 1
  m_PrefabParentObject: {fileID: 0}
  m_PrefabInternal: {fileID: 100100000}
  m_GameObject: {fileID: 1000011960947332}
  m_LocalRotation: {x: 0, y: -0, z: -2.14248e-29, w: 1}
  m_LocalPosition: {x: -0, y: 0.07239731, z: 0.024841538}
  m_LocalScale: {x: 1, y: 1, z: 1}
  m_LocalEulerAnglesHint: {x: 0, y: 0, z: 0}
  m_Children:
  - {fileID: 4000013394411650}
  m_Father: {fileID: 4000010993427224}
  m_RootOrder: 0
--- !u!4 &4000012481871842
Transform:
  m_ObjectHideFlags: 1
  m_PrefabParentObject: {fileID: 0}
  m_PrefabInternal: {fileID: 100100000}
  m_GameObject: {fileID: 1000013623115228}
  m_LocalRotation: {x: 0.21007065, y: -0.060014144, z: -0.27790663, w: 0.93543386}
  m_LocalPosition: {x: 0.022636302, y: 0.033469535, z: 0.013309639}
  m_LocalScale: {x: 1, y: 1, z: 1}
  m_LocalEulerAnglesHint: {x: 0, y: 0, z: 0}
  m_Children:
  - {fileID: 4000013708849082}
  m_Father: {fileID: 4000010389607560}
  m_RootOrder: 4
--- !u!4 &4000012504084764
Transform:
  m_ObjectHideFlags: 1
  m_PrefabParentObject: {fileID: 0}
  m_PrefabInternal: {fileID: 100100000}
  m_GameObject: {fileID: 1000010223333086}
  m_LocalRotation: {x: 0.21095999, y: 0.06182801, z: 0.28160986, w: 0.93400705}
  m_LocalPosition: {x: -0.022893135, y: 0.033823006, z: 0.013199165}
  m_LocalScale: {x: 1, y: 1, z: 1}
  m_LocalEulerAnglesHint: {x: 0, y: 0, z: 0}
  m_Children:
  - {fileID: 4000014059248328}
  m_Father: {fileID: 4000012328085526}
  m_RootOrder: 4
--- !u!4 &4000012525002284
Transform:
  m_ObjectHideFlags: 1
  m_PrefabParentObject: {fileID: 0}
  m_PrefabInternal: {fileID: 100100000}
  m_GameObject: {fileID: 1000012043385554}
  m_LocalRotation: {x: -0.5586204, y: -0.42787653, z: 0.57829744, w: -0.41284013}
  m_LocalPosition: {x: 0.05190761, y: 0.106901795, z: -0.001757391}
  m_LocalScale: {x: 1, y: 1, z: 1}
  m_LocalEulerAnglesHint: {x: 0, y: 0, z: 0}
  m_Children:
  - {fileID: 4000010072827958}
  m_Father: {fileID: 4000010570200170}
  m_RootOrder: 2
--- !u!4 &4000012623273842
Transform:
  m_ObjectHideFlags: 1
  m_PrefabParentObject: {fileID: 0}
  m_PrefabInternal: {fileID: 100100000}
  m_GameObject: {fileID: 1000011706530370}
  m_LocalRotation: {x: 0.000000066569, y: -0.000012350358, z: -0.0040696263, w: 0.9999917}
  m_LocalPosition: {x: 0.00009784343, y: 0.02556114, z: 4.9330706e-11}
  m_LocalScale: {x: 1, y: 1, z: 1}
  m_LocalEulerAnglesHint: {x: 0, y: 0, z: 0}
  m_Children:
  - {fileID: 4000010649522692}
  m_Father: {fileID: 4000012788776968}
  m_RootOrder: 0
--- !u!4 &4000012688194778
Transform:
  m_ObjectHideFlags: 1
  m_PrefabParentObject: {fileID: 0}
  m_PrefabInternal: {fileID: 100100000}
  m_GameObject: {fileID: 1000011332326846}
  m_LocalRotation: {x: -1.3877788e-17, y: -1.4395437e-13, z: 6.681231e-13, w: 1}
  m_LocalPosition: {x: -0, y: 0.09509502, z: -0.0000000010665461}
  m_LocalScale: {x: 1, y: 1, z: 1}
  m_LocalEulerAnglesHint: {x: 0, y: 0, z: 0}
  m_Children:
  - {fileID: 4000010570200170}
  m_Father: {fileID: 4000013005648202}
  m_RootOrder: 0
--- !u!4 &4000012788776968
Transform:
  m_ObjectHideFlags: 1
  m_PrefabParentObject: {fileID: 0}
  m_PrefabInternal: {fileID: 100100000}
  m_GameObject: {fileID: 1000010184125536}
  m_LocalRotation: {x: -0.004945124, y: -0.0039068894, z: -0.042643692, w: 0.9990705}
  m_LocalPosition: {x: -0.026968297, y: 0.09324196, z: 0.0027325}
  m_LocalScale: {x: 1, y: 1, z: 1}
  m_LocalEulerAnglesHint: {x: 0, y: 0, z: 0}
  m_Children:
  - {fileID: 4000012623273842}
  m_Father: {fileID: 4000010389607560}
  m_RootOrder: 2
--- !u!4 &4000012923702428
Transform:
  m_ObjectHideFlags: 1
  m_PrefabParentObject: {fileID: 0}
  m_PrefabInternal: {fileID: 100100000}
  m_GameObject: {fileID: 1000011261234998}
  m_LocalRotation: {x: -0.0046862857, y: 0.0017223299, z: -0.044834774, w: 0.99898195}
  m_LocalPosition: {x: -0.010057941, y: 0.10468541, z: -0.0024338788}
  m_LocalScale: {x: 1, y: 1, z: 1}
  m_LocalEulerAnglesHint: {x: 0, y: 0, z: 0}
  m_Children:
  - {fileID: 4000010193633318}
  m_Father: {fileID: 4000010389607560}
  m_RootOrder: 3
--- !u!4 &4000012962600180
Transform:
  m_ObjectHideFlags: 1
  m_PrefabParentObject: {fileID: 0}
  m_PrefabInternal: {fileID: 100100000}
  m_GameObject: {fileID: 1000010482887226}
  m_LocalRotation: {x: 0.0000003668177, y: 0.00006603587, z: 0.0019425515, w: 0.99999815}
  m_LocalPosition: {x: 0.000014621757, y: 0.026092632, z: 3.0850486e-10}
  m_LocalScale: {x: 1, y: 1, z: 1}
  m_LocalEulerAnglesHint: {x: 0, y: 0, z: 0}
  m_Children:
  - {fileID: 4000013268689356}
  m_Father: {fileID: 4000011633927866}
  m_RootOrder: 0
--- !u!4 &4000013005648202
Transform:
  m_ObjectHideFlags: 1
  m_PrefabParentObject: {fileID: 0}
  m_PrefabInternal: {fileID: 100100000}
  m_GameObject: {fileID: 1000012816581726}
  m_LocalRotation: {x: -0.074847355, y: -0.00009181732, z: 0.0008618837, w: 0.99719465}
  m_LocalPosition: {x: -0, y: 0.080597304, z: -0.0121644735}
  m_LocalScale: {x: 1, y: 1, z: 1}
  m_LocalEulerAnglesHint: {x: 0, y: 0, z: 0}
  m_Children:
  - {fileID: 4000012688194778}
  m_Father: {fileID: 4000013068328288}
  m_RootOrder: 2
--- !u!4 &4000013068328288
Transform:
  m_ObjectHideFlags: 1
  m_PrefabParentObject: {fileID: 0}
  m_PrefabInternal: {fileID: 100100000}
  m_GameObject: {fileID: 1000012609420326}
  m_LocalRotation: {x: 0.000018191226, y: 0.000027066146, z: -0.0008663378, w: 0.99999964}
  m_LocalPosition: {x: 0.00007605726, y: 0.94208944, z: 0.006432776}
  m_LocalScale: {x: 1, y: 1, z: 1}
  m_LocalEulerAnglesHint: {x: 0, y: 0, z: 0}
  m_Children:
  - {fileID: 4000010961238076}
  - {fileID: 4000010591835142}
  - {fileID: 4000013005648202}
  m_Father: {fileID: 4000010068674726}
  m_RootOrder: 3
--- !u!4 &4000013102701220
Transform:
  m_ObjectHideFlags: 1
  m_PrefabParentObject: {fileID: 0}
  m_PrefabInternal: {fileID: 100100000}
  m_GameObject: {fileID: 1000010217580736}
  m_LocalRotation: {x: -0.00000029898726, y: 0.000023754197, z: -0.0066521764, w: 0.9999779}
  m_LocalPosition: {x: 0.0001844836, y: 0.028734028, z: 3.1485597e-10}
  m_LocalScale: {x: 1, y: 1, z: 1}
  m_LocalEulerAnglesHint: {x: 0, y: 0, z: 0}
  m_Children:
  - {fileID: 4000010083185642}
  m_Father: {fileID: 4000011666596156}
  m_RootOrder: 0
--- !u!4 &4000013106056652
Transform:
  m_ObjectHideFlags: 1
  m_PrefabParentObject: {fileID: 0}
  m_PrefabInternal: {fileID: 100100000}
  m_GameObject: {fileID: 1000014073051708}
  m_LocalRotation: {x: -0.000000032035743, y: 0.0000043232385, z: -0.0013311801, w: 0.9999991}
  m_LocalPosition: {x: 0.000046932626, y: 0.026808212, z: -7.1213346e-10}
  m_LocalScale: {x: 1, y: 1, z: 1}
  m_LocalEulerAnglesHint: {x: 0, y: 0, z: 0}
  m_Children:
  - {fileID: 4000010713039832}
  m_Father: {fileID: 4000011891341198}
  m_RootOrder: 0
--- !u!4 &4000013132688944
Transform:
  m_ObjectHideFlags: 1
  m_PrefabParentObject: {fileID: 0}
  m_PrefabInternal: {fileID: 100100000}
  m_GameObject: {fileID: 1000013078656028}
  m_LocalRotation: {x: 0, y: -0, z: -0, w: 1}
  m_LocalPosition: {x: -0, y: 0, z: 0}
  m_LocalScale: {x: 1, y: 1, z: 1}
  m_LocalEulerAnglesHint: {x: 0, y: 0, z: 0}
  m_Children: []
  m_Father: {fileID: 4000010068674726}
  m_RootOrder: 2
--- !u!4 &4000013172999146
Transform:
  m_ObjectHideFlags: 1
  m_PrefabParentObject: {fileID: 0}
  m_PrefabInternal: {fileID: 100100000}
  m_GameObject: {fileID: 1000011817972904}
  m_LocalRotation: {x: -0.000000106183435, y: -0.000096367185, z: -0.0028932474, w: 0.9999958}
  m_LocalPosition: {x: 0.000015250863, y: 0.029276583, z: 1.444397e-10}
  m_LocalScale: {x: 1, y: 1, z: 1}
  m_LocalEulerAnglesHint: {x: 0, y: 0, z: 0}
  m_Children:
  - {fileID: 4000011046462930}
  m_Father: {fileID: 4000010737687606}
  m_RootOrder: 0
--- !u!4 &4000013220270980
Transform:
  m_ObjectHideFlags: 1
  m_PrefabParentObject: {fileID: 0}
  m_PrefabInternal: {fileID: 100100000}
  m_GameObject: {fileID: 1000013461560448}
  m_LocalRotation: {x: -0.034062713, y: 0.0001878226, z: 0.010515387, w: 0.9993644}
  m_LocalPosition: {x: -3.9427493e-11, y: 0.41066977, z: 0.0000000014539526}
  m_LocalScale: {x: 1, y: 1, z: 1}
  m_LocalEulerAnglesHint: {x: 0, y: 0, z: 0}
  m_Children:
  - {fileID: 4000013321672238}
  m_Father: {fileID: 4000010591835142}
  m_RootOrder: 0
--- !u!4 &4000013268689356
Transform:
  m_ObjectHideFlags: 1
  m_PrefabParentObject: {fileID: 0}
  m_PrefabInternal: {fileID: 100100000}
  m_GameObject: {fileID: 1000010139029358}
  m_LocalRotation: {x: 0.00000043439002, y: 0.000035805464, z: -0.004991502, w: 0.99998754}
  m_LocalPosition: {x: 0.00010992192, y: 0.024664141, z: -8.66737e-11}
  m_LocalScale: {x: 1, y: 1, z: 1}
  m_LocalEulerAnglesHint: {x: 0, y: 0, z: 0}
  m_Children:
  - {fileID: 4000010142254002}
  m_Father: {fileID: 4000012962600180}
  m_RootOrder: 0
--- !u!4 &4000013318890602
Transform:
  m_ObjectHideFlags: 1
  m_PrefabParentObject: {fileID: 0}
  m_PrefabInternal: {fileID: 100100000}
  m_GameObject: {fileID: 1000014286877418}
  m_LocalRotation: {x: 0, y: -0, z: -0, w: 1}
  m_LocalPosition: {x: 6.443832e-12, y: 0.052078996, z: 8.28617e-13}
  m_LocalScale: {x: 1, y: 1, z: 1}
  m_LocalEulerAnglesHint: {x: 0, y: 0, z: 0}
  m_Children: []
  m_Father: {fileID: 4000013555894432}
  m_RootOrder: 0
--- !u!4 &4000013321672238
Transform:
  m_ObjectHideFlags: 1
  m_PrefabParentObject: {fileID: 0}
  m_PrefabInternal: {fileID: 100100000}
  m_GameObject: {fileID: 1000013249601070}
  m_LocalRotation: {x: 0.47404197, y: -0.0036673276, z: -0.008899623, w: 0.88044965}
  m_LocalPosition: {x: -5.2329092e-11, y: 0.4095122, z: 4.1258813e-10}
  m_LocalScale: {x: 1, y: 1, z: 1}
  m_LocalEulerAnglesHint: {x: 0, y: 0, z: 0}
  m_Children:
  - {fileID: 4000011241059062}
  m_Father: {fileID: 4000013220270980}
  m_RootOrder: 0
--- !u!4 &4000013394411650
Transform:
  m_ObjectHideFlags: 1
  m_PrefabParentObject: {fileID: 0}
  m_PrefabInternal: {fileID: 100100000}
  m_GameObject: {fileID: 1000014142596480}
  m_LocalRotation: {x: 0, y: -0, z: -0, w: 1}
  m_LocalPosition: {x: -0, y: 0.22307846, z: 0.076544434}
  m_LocalScale: {x: 1, y: 1, z: 1}
  m_LocalEulerAnglesHint: {x: 0, y: 0, z: 0}
  m_Children: []
  m_Father: {fileID: 4000012381393812}
  m_RootOrder: 0
--- !u!4 &4000013438756976
Transform:
  m_ObjectHideFlags: 1
  m_PrefabParentObject: {fileID: 0}
  m_PrefabInternal: {fileID: 100100000}
  m_GameObject: {fileID: 1000011891699180}
  m_LocalRotation: {x: 0.000000105964574, y: -0.00003280691, z: -0.0029962673, w: 0.9999955}
  m_LocalPosition: {x: 0.00007742891, y: 0.020042546, z: -1.09706945e-10}
  m_LocalScale: {x: 1, y: 1, z: 1}
  m_LocalEulerAnglesHint: {x: 0, y: 0, z: 0}
  m_Children:
  - {fileID: 4000012024333114}
  m_Father: {fileID: 4000012013048576}
  m_RootOrder: 0
--- !u!4 &4000013555894432
Transform:
  m_ObjectHideFlags: 1
  m_PrefabParentObject: {fileID: 0}
  m_PrefabInternal: {fileID: 100100000}
  m_GameObject: {fileID: 1000013411644128}
  m_LocalRotation: {x: 0.31211632, y: 0.018898604, z: -0.0062100617, w: 0.94983566}
  m_LocalPosition: {x: -3.1713208e-12, y: 0.1313096, z: -7.2456896e-10}
  m_LocalScale: {x: 1, y: 1, z: 1}
  m_LocalEulerAnglesHint: {x: 0, y: 0, z: 0}
  m_Children:
  - {fileID: 4000013318890602}
  m_Father: {fileID: 4000011124241134}
  m_RootOrder: 0
--- !u!4 &4000013557052200
Transform:
  m_ObjectHideFlags: 1
  m_PrefabParentObject: {fileID: 0}
  m_PrefabInternal: {fileID: 100100000}
  m_GameObject: {fileID: 1000012531476696}
  m_LocalRotation: {x: 0.00000068525594, y: 0.000042412186, z: -0.057998214, w: 0.9983167}
  m_LocalPosition: {x: 0.002165223, y: 0.031454623, z: 2.6254837e-10}
  m_LocalScale: {x: 1, y: 1, z: 1}
  m_LocalEulerAnglesHint: {x: 0, y: 0, z: 0}
  m_Children:
  - {fileID: 4000012324681838}
  m_Father: {fileID: 4000014059248328}
  m_RootOrder: 0
--- !u!4 &4000013609438890
Transform:
  m_ObjectHideFlags: 1
  m_PrefabParentObject: {fileID: 0}
  m_PrefabInternal: {fileID: 100100000}
  m_GameObject: {fileID: 1000010328867716}
  m_LocalRotation: {x: 0.000017335062, y: -0.00083386875, z: 0.033125535, w: 0.99945086}
  m_LocalPosition: {x: -0.001704238, y: 0.031372573, z: 0.0000000010713566}
  m_LocalScale: {x: 1, y: 1, z: 1}
  m_LocalEulerAnglesHint: {x: 0, y: 0, z: 0}
  m_Children:
  - {fileID: 4000014076913252}
  m_Father: {fileID: 4000013708849082}
  m_RootOrder: 0
--- !u!4 &4000013692048356
Transform:
  m_ObjectHideFlags: 1
  m_PrefabParentObject: {fileID: 0}
  m_PrefabInternal: {fileID: 100100000}
  m_GameObject: {fileID: 1000011730209368}
  m_LocalRotation: {x: 0.00000012197914, y: 0.000001196976, z: -0.00002574923, w: 1}
  m_LocalPosition: {x: -0.0000035099663, y: 0.027191693, z: -4.4013118e-10}
  m_LocalScale: {x: 1, y: 1, z: 1}
  m_LocalEulerAnglesHint: {x: 0, y: 0, z: 0}
  m_Children:
  - {fileID: 4000011534442368}
  m_Father: {fileID: 4000011772434716}
  m_RootOrder: 0
--- !u!4 &4000013708849082
Transform:
  m_ObjectHideFlags: 1
  m_PrefabParentObject: {fileID: 0}
  m_PrefabInternal: {fileID: 100100000}
  m_GameObject: {fileID: 1000012453700476}
  m_LocalRotation: {x: 0.0000023673688, y: -0.00032445925, z: -0.047392625, w: 0.99887633}
  m_LocalPosition: {x: 0.0013796814, y: 0.03400505, z: -9.792361e-10}
  m_LocalScale: {x: 1, y: 1, z: 1}
  m_LocalEulerAnglesHint: {x: 0, y: 0, z: 0}
  m_Children:
  - {fileID: 4000013609438890}
  m_Father: {fileID: 4000012481871842}
  m_RootOrder: 0
--- !u!4 &4000014059248328
Transform:
  m_ObjectHideFlags: 1
  m_PrefabParentObject: {fileID: 0}
  m_PrefabInternal: {fileID: 100100000}
  m_GameObject: {fileID: 1000013988820294}
  m_LocalRotation: {x: 0.000021582582, y: 0.001007987, z: 0.047565177, w: 0.99886763}
  m_LocalPosition: {x: -0.0009084895, y: 0.034325734, z: -9.057243e-10}
  m_LocalScale: {x: 1, y: 1, z: 1}
  m_LocalEulerAnglesHint: {x: 0, y: 0, z: 0}
  m_Children:
  - {fileID: 4000013557052200}
  m_Father: {fileID: 4000012504084764}
  m_RootOrder: 0
--- !u!4 &4000014076913252
Transform:
  m_ObjectHideFlags: 1
  m_PrefabParentObject: {fileID: 0}
  m_PrefabInternal: {fileID: 100100000}
  m_GameObject: {fileID: 1000012796910784}
  m_LocalRotation: {x: 0, y: -0, z: -0, w: 1}
  m_LocalPosition: {x: 0.00032455614, y: 0.027077377, z: -4.5751988e-10}
  m_LocalScale: {x: 1, y: 1, z: 1}
  m_LocalEulerAnglesHint: {x: 0, y: 0, z: 0}
  m_Children: []
  m_Father: {fileID: 4000013609438890}
  m_RootOrder: 0
--- !u!4 &4000014081667448
Transform:
  m_ObjectHideFlags: 1
  m_PrefabParentObject: {fileID: 0}
  m_PrefabInternal: {fileID: 100100000}
  m_GameObject: {fileID: 1000013123816966}
  m_LocalRotation: {x: 0, y: -0, z: -0, w: 1}
  m_LocalPosition: {x: -0.000024303847, y: 0.022732584, z: -1.6377441e-10}
  m_LocalScale: {x: 1, y: 1, z: 1}
  m_LocalEulerAnglesHint: {x: 0, y: 0, z: 0}
  m_Children: []
  m_Father: {fileID: 4000010713039832}
  m_RootOrder: 0
--- !u!4 &4000014195021168
Transform:
  m_ObjectHideFlags: 1
  m_PrefabParentObject: {fileID: 0}
  m_PrefabInternal: {fileID: 100100000}
  m_GameObject: {fileID: 1000012812733038}
  m_LocalRotation: {x: 0, y: -0, z: -0, w: 1}
  m_LocalPosition: {x: -0.000010653353, y: 0.01853923, z: -3.0018155e-11}
  m_LocalScale: {x: 1, y: 1, z: 1}
  m_LocalEulerAnglesHint: {x: 0, y: 0, z: 0}
  m_Children: []
  m_Father: {fileID: 4000010649522692}
  m_RootOrder: 0
--- !u!65 &65000011491889110
BoxCollider:
  m_ObjectHideFlags: 1
  m_PrefabParentObject: {fileID: 0}
  m_PrefabInternal: {fileID: 100100000}
  m_GameObject: {fileID: 1000013437542256}
  m_Material: {fileID: 0}
  m_IsTrigger: 1
  m_Enabled: 1
  serializedVersion: 2
  m_Size: {x: 0.5, y: 1.75, z: 0.5}
  m_Center: {x: 0, y: 1, z: 0}
--- !u!95 &95000011014008044
Animator:
  serializedVersion: 3
  m_ObjectHideFlags: 1
  m_PrefabParentObject: {fileID: 0}
  m_PrefabInternal: {fileID: 100100000}
  m_GameObject: {fileID: 1000013437542256}
  m_Enabled: 1
  m_Avatar: {fileID: 9000000, guid: e474ee3729c0e664196912481d6bb6c6, type: 3}
  m_Controller: {fileID: 9100000, guid: 1e770b8c2fbfa6448a132a0c211b13d8, type: 2}
  m_CullingMode: 1
  m_UpdateMode: 0
  m_ApplyRootMotion: 1
  m_LinearVelocityBlending: 0
  m_WarningMessage: 
  m_HasTransformHierarchy: 1
  m_AllowConstantClipSamplingOptimization: 1
--- !u!114 &114000010221597878
MonoBehaviour:
  m_ObjectHideFlags: 1
  m_PrefabParentObject: {fileID: 0}
  m_PrefabInternal: {fileID: 100100000}
  m_GameObject: {fileID: 1000013437542256}
  m_Enabled: 1
  m_EditorHideFlags: 0
  m_Script: {fileID: 11500000, guid: 4f33bc9c49b980545a6a7d0131b3e7f8, type: 3}
  m_Name: 
  m_EditorClassIdentifier: 
  headTransform: {fileID: 4000012381393812}
--- !u!114 &114000013239191850
MonoBehaviour:
  m_ObjectHideFlags: 1
  m_PrefabParentObject: {fileID: 0}
  m_PrefabInternal: {fileID: 100100000}
  m_GameObject: {fileID: 1000013437542256}
  m_Enabled: 1
  m_EditorHideFlags: 0
  m_Script: {fileID: 11500000, guid: 28f87224d4ca289499d8d633efd54b0d, type: 3}
  m_Name: 
  m_EditorClassIdentifier: 
--- !u!137 &137000010789971144
SkinnedMeshRenderer:
  m_ObjectHideFlags: 1
  m_PrefabParentObject: {fileID: 0}
  m_PrefabInternal: {fileID: 100100000}
  m_GameObject: {fileID: 1000012903865812}
  m_Enabled: 1
  m_CastShadows: 1
  m_ReceiveShadows: 1
  m_MotionVectors: 1
  m_LightProbeUsage: 1
  m_ReflectionProbeUsage: 1
  m_Materials:
  - {fileID: 2100000, guid: ee5bda1ee3c10204aac1949db4f695b8, type: 2}
  m_SubsetIndices: 
  m_StaticBatchRoot: {fileID: 0}
  m_ProbeAnchor: {fileID: 0}
  m_LightProbeVolumeOverride: {fileID: 0}
  m_ScaleInLightmap: 1
  m_PreserveUVs: 0
  m_IgnoreNormalsForChartDetection: 0
  m_ImportantGI: 0
  m_SelectedWireframeHidden: 0
  m_MinimumChartSize: 4
  m_AutoUVMaxDistance: 0.5
  m_AutoUVMaxAngle: 89
  m_LightmapParameters: {fileID: 0}
  m_SortingLayerID: 0
  m_SortingOrder: 0
  serializedVersion: 2
  m_Quality: 0
  m_UpdateWhenOffscreen: 0
  m_SkinnedMotionVectors: 1
  m_Mesh: {fileID: 4300002, guid: e474ee3729c0e664196912481d6bb6c6, type: 3}
  m_Bones:
  - {fileID: 4000013068328288}
  - {fileID: 4000010591835142}
  - {fileID: 4000013005648202}
  - {fileID: 4000010961238076}
  - {fileID: 4000013220270980}
  - {fileID: 4000010973993382}
  - {fileID: 4000013555894432}
  - {fileID: 4000011124241134}
  - {fileID: 4000011241059062}
  - {fileID: 4000013321672238}
  m_BlendShapeWeights: []
  m_RootBone: {fileID: 4000013068328288}
  m_AABB:
    m_Center: {x: -0.00024308264, y: -0.4064327, z: -0.036917303}
    m_Extent: {x: 0.16078757, y: 0.45147908, z: 0.15455759}
  m_DirtyAABB: 0
--- !u!137 &137000012723379900
SkinnedMeshRenderer:
  m_ObjectHideFlags: 1
  m_PrefabParentObject: {fileID: 0}
  m_PrefabInternal: {fileID: 100100000}
  m_GameObject: {fileID: 1000012749415244}
  m_Enabled: 1
  m_CastShadows: 1
  m_ReceiveShadows: 1
  m_MotionVectors: 1
  m_LightProbeUsage: 1
  m_ReflectionProbeUsage: 1
  m_Materials:
  - {fileID: 2100000, guid: b9dc2f06dde63f14d97782db4ccb675c, type: 2}
  m_SubsetIndices: 
  m_StaticBatchRoot: {fileID: 0}
  m_ProbeAnchor: {fileID: 0}
  m_LightProbeVolumeOverride: {fileID: 0}
  m_ScaleInLightmap: 1
  m_PreserveUVs: 0
  m_IgnoreNormalsForChartDetection: 0
  m_ImportantGI: 0
  m_SelectedWireframeHidden: 0
  m_MinimumChartSize: 4
  m_AutoUVMaxDistance: 0.5
  m_AutoUVMaxAngle: 89
  m_LightmapParameters: {fileID: 0}
  m_SortingLayerID: 0
  m_SortingOrder: 0
  serializedVersion: 2
  m_Quality: 0
  m_UpdateWhenOffscreen: 0
  m_SkinnedMotionVectors: 1
  m_Mesh: {fileID: 4300000, guid: e474ee3729c0e664196912481d6bb6c6, type: 3}
  m_Bones:
  - {fileID: 4000010570200170}
  - {fileID: 4000010993427224}
  - {fileID: 4000012381393812}
  - {fileID: 4000012342058014}
  - {fileID: 4000012190114278}
  - {fileID: 4000012525002284}
  - {fileID: 4000010072827958}
  - {fileID: 4000010216794230}
  - {fileID: 4000010337859408}
  - {fileID: 4000010470869628}
  - {fileID: 4000012328085526}
  - {fileID: 4000012504084764}
  - {fileID: 4000014059248328}
  - {fileID: 4000011633927866}
  - {fileID: 4000012013048576}
  - {fileID: 4000011772434716}
  - {fileID: 4000011666596156}
  - {fileID: 4000013692048356}
  - {fileID: 4000013557052200}
  - {fileID: 4000013438756976}
  - {fileID: 4000011534442368}
  - {fileID: 4000013102701220}
  - {fileID: 4000012962600180}
  - {fileID: 4000013268689356}
  - {fileID: 4000010924897016}
  - {fileID: 4000010389607560}
  - {fileID: 4000012788776968}
  - {fileID: 4000012923702428}
  - {fileID: 4000012481871842}
  - {fileID: 4000012623273842}
  - {fileID: 4000010737687606}
  - {fileID: 4000010193633318}
  - {fileID: 4000011891341198}
  - {fileID: 4000013172999146}
  - {fileID: 4000013708849082}
  - {fileID: 4000013609438890}
  - {fileID: 4000013106056652}
  - {fileID: 4000010713039832}
  - {fileID: 4000010649522692}
  - {fileID: 4000011046462930}
  - {fileID: 4000011572583724}
  - {fileID: 4000012688194778}
  m_BlendShapeWeights: []
  m_RootBone: {fileID: 4000012688194778}
  m_AABB:
    m_Center: {x: 0.000072687864, y: 0.29400986, z: 0.07239154}
    m_Extent: {x: 0.7873701, y: 0.1909339, z: 0.13762325}
  m_DirtyAABB: 0
--- !u!137 &137000012867743152
SkinnedMeshRenderer:
  m_ObjectHideFlags: 1
  m_PrefabParentObject: {fileID: 0}
  m_PrefabInternal: {fileID: 100100000}
  m_GameObject: {fileID: 1000010229425242}
  m_Enabled: 1
  m_CastShadows: 1
  m_ReceiveShadows: 1
  m_MotionVectors: 1
  m_LightProbeUsage: 1
  m_ReflectionProbeUsage: 1
  m_Materials:
  - {fileID: 2100000, guid: ee5bda1ee3c10204aac1949db4f695b8, type: 2}
  m_SubsetIndices: 
  m_StaticBatchRoot: {fileID: 0}
  m_ProbeAnchor: {fileID: 0}
  m_LightProbeVolumeOverride: {fileID: 0}
  m_ScaleInLightmap: 1
  m_PreserveUVs: 0
  m_IgnoreNormalsForChartDetection: 0
  m_ImportantGI: 0
  m_SelectedWireframeHidden: 0
  m_MinimumChartSize: 4
  m_AutoUVMaxDistance: 0.5
  m_AutoUVMaxAngle: 89
  m_LightmapParameters: {fileID: 0}
  m_SortingLayerID: 0
  m_SortingOrder: 0
  serializedVersion: 2
  m_Quality: 0
  m_UpdateWhenOffscreen: 0
  m_SkinnedMotionVectors: 1
  m_Mesh: {fileID: 4300006, guid: e474ee3729c0e664196912481d6bb6c6, type: 3}
  m_Bones:
  - {fileID: 4000010570200170}
  - {fileID: 4000012342058014}
  - {fileID: 4000012190114278}
  - {fileID: 4000012688194778}
  - {fileID: 4000012481871842}
  - {fileID: 4000010924897016}
  - {fileID: 4000010389607560}
  - {fileID: 4000012788776968}
  - {fileID: 4000010993427224}
  - {fileID: 4000013005648202}
  - {fileID: 4000013068328288}
  - {fileID: 4000010961238076}
  - {fileID: 4000010591835142}
  - {fileID: 4000012525002284}
  - {fileID: 4000010072827958}
  - {fileID: 4000010216794230}
  - {fileID: 4000010470869628}
  - {fileID: 4000012328085526}
  - {fileID: 4000012504084764}
  - {fileID: 4000012381393812}
  - {fileID: 4000012923702428}
  - {fileID: 4000014059248328}
  m_BlendShapeWeights: []
  m_RootBone: {fileID: 4000013068328288}
  m_AABB:
    m_Center: {x: 0.0019085109, y: 0.17970112, z: 0.0056457967}
    m_Extent: {x: 0.64548147, y: 0.3045396, z: 0.14970054}
  m_DirtyAABB: 0
--- !u!137 &137000013119400024
SkinnedMeshRenderer:
  m_ObjectHideFlags: 1
  m_PrefabParentObject: {fileID: 0}
  m_PrefabInternal: {fileID: 100100000}
  m_GameObject: {fileID: 1000013078656028}
  m_Enabled: 1
  m_CastShadows: 1
  m_ReceiveShadows: 1
  m_MotionVectors: 1
  m_LightProbeUsage: 1
  m_ReflectionProbeUsage: 1
  m_Materials:
  - {fileID: 2100000, guid: ee5bda1ee3c10204aac1949db4f695b8, type: 2}
  m_SubsetIndices: 
  m_StaticBatchRoot: {fileID: 0}
  m_ProbeAnchor: {fileID: 0}
  m_LightProbeVolumeOverride: {fileID: 0}
  m_ScaleInLightmap: 1
  m_PreserveUVs: 0
  m_IgnoreNormalsForChartDetection: 0
  m_ImportantGI: 0
  m_SelectedWireframeHidden: 0
  m_MinimumChartSize: 4
  m_AutoUVMaxDistance: 0.5
  m_AutoUVMaxAngle: 89
  m_LightmapParameters: {fileID: 0}
  m_SortingLayerID: 0
  m_SortingOrder: 0
  serializedVersion: 2
  m_Quality: 0
  m_UpdateWhenOffscreen: 0
  m_SkinnedMotionVectors: 1
  m_Mesh: {fileID: 4300008, guid: e474ee3729c0e664196912481d6bb6c6, type: 3}
  m_Bones:
  - {fileID: 4000012381393812}
  - {fileID: 4000010993427224}
  - {fileID: 4000010570200170}
  m_BlendShapeWeights: []
  m_RootBone: {fileID: 4000010570200170}
  m_AABB:
    m_Center: {x: -0.00048730522, y: 0.2938286, z: 0.07822873}
    m_Extent: {x: 0.10834759, y: 0.13490495, z: 0.13477549}
  m_DirtyAABB: 0
--- !u!137 &137000013298517190
SkinnedMeshRenderer:
  m_ObjectHideFlags: 1
  m_PrefabParentObject: {fileID: 0}
  m_PrefabInternal: {fileID: 100100000}
  m_GameObject: {fileID: 1000013190546794}
  m_Enabled: 1
  m_CastShadows: 1
  m_ReceiveShadows: 1
  m_MotionVectors: 1
  m_LightProbeUsage: 1
  m_ReflectionProbeUsage: 1
  m_Materials:
  - {fileID: 2100000, guid: ee5bda1ee3c10204aac1949db4f695b8, type: 2}
  m_SubsetIndices: 
  m_StaticBatchRoot: {fileID: 0}
  m_ProbeAnchor: {fileID: 0}
  m_LightProbeVolumeOverride: {fileID: 0}
  m_ScaleInLightmap: 1
  m_PreserveUVs: 0
  m_IgnoreNormalsForChartDetection: 0
  m_ImportantGI: 0
  m_SelectedWireframeHidden: 0
  m_MinimumChartSize: 4
  m_AutoUVMaxDistance: 0.5
  m_AutoUVMaxAngle: 89
  m_LightmapParameters: {fileID: 0}
  m_SortingLayerID: 0
  m_SortingOrder: 0
  serializedVersion: 2
  m_Quality: 0
  m_UpdateWhenOffscreen: 0
  m_SkinnedMotionVectors: 1
  m_Mesh: {fileID: 4300004, guid: e474ee3729c0e664196912481d6bb6c6, type: 3}
  m_Bones:
  - {fileID: 4000013555894432}
  - {fileID: 4000010973993382}
  - {fileID: 4000011124241134}
  - {fileID: 4000010961238076}
  - {fileID: 4000013220270980}
  - {fileID: 4000011241059062}
  - {fileID: 4000013321672238}
  - {fileID: 4000010591835142}
  m_BlendShapeWeights: []
  m_RootBone: {fileID: 4000010591835142}
  m_AABB:
    m_Center: {x: 0.06801149, y: 0.7688397, z: 0.0016811639}
    m_Extent: {x: 0.1413529, y: 0.23274735, z: 0.24107194}
  m_DirtyAABB: 0
