%YAML 1.1
%TAG !u! tag:unity3d.com,2011:
--- !u!1001 &100100000
Prefab:
  m_ObjectHideFlags: 1
  serializedVersion: 2
  m_Modification:
    m_TransformParent: {fileID: 0}
    m_Modifications: []
    m_RemovedComponents: []
  m_ParentPrefab: {fileID: 0}
  m_RootGameObject: {fileID: 1000011527449102}
  m_IsPrefabParent: 1
--- !u!1 &1000010108259662
GameObject:
  m_ObjectHideFlags: 1
  m_PrefabParentObject: {fileID: 0}
  m_PrefabInternal: {fileID: 100100000}
  serializedVersion: 4
  m_Component:
  - 4: {fileID: 4000013427593384}
  m_Layer: 0
  m_Name: Male35_44_fabulous:RightHandIndex1
  m_TagString: Untagged
  m_Icon: {fileID: 0}
  m_NavMeshLayer: 0
  m_StaticEditorFlags: 0
  m_IsActive: 1
--- !u!1 &1000010140765456
GameObject:
  m_ObjectHideFlags: 1
  m_PrefabParentObject: {fileID: 0}
  m_PrefabInternal: {fileID: 100100000}
  serializedVersion: 4
  m_Component:
  - 4: {fileID: 4000011214008572}
  m_Layer: 0
  m_Name: Male35_44_fabulous:LeftHandPinky1
  m_TagString: Untagged
  m_Icon: {fileID: 0}
  m_NavMeshLayer: 0
  m_StaticEditorFlags: 0
  m_IsActive: 1
--- !u!1 &1000010230218992
GameObject:
  m_ObjectHideFlags: 1
  m_PrefabParentObject: {fileID: 0}
  m_PrefabInternal: {fileID: 100100000}
  serializedVersion: 4
  m_Component:
  - 4: {fileID: 4000010678005128}
  m_Layer: 0
  m_Name: Male35_44_fabulous:LeftHandMiddle1
  m_TagString: Untagged
  m_Icon: {fileID: 0}
  m_NavMeshLayer: 0
  m_StaticEditorFlags: 0
  m_IsActive: 1
--- !u!1 &1000010298184894
GameObject:
  m_ObjectHideFlags: 1
  m_PrefabParentObject: {fileID: 0}
  m_PrefabInternal: {fileID: 100100000}
  serializedVersion: 4
  m_Component:
  - 4: {fileID: 4000010339190804}
  m_Layer: 0
  m_Name: Male35_44_fabulous:LeftHandRing3
  m_TagString: Untagged
  m_Icon: {fileID: 0}
  m_NavMeshLayer: 0
  m_StaticEditorFlags: 0
  m_IsActive: 1
--- !u!1 &1000010344930060
GameObject:
  m_ObjectHideFlags: 1
  m_PrefabParentObject: {fileID: 0}
  m_PrefabInternal: {fileID: 100100000}
  serializedVersion: 4
  m_Component:
  - 4: {fileID: 4000012629437404}
  m_Layer: 0
  m_Name: Male35_44_fabulous:RightHandThumb3
  m_TagString: Untagged
  m_Icon: {fileID: 0}
  m_NavMeshLayer: 0
  m_StaticEditorFlags: 0
  m_IsActive: 1
--- !u!1 &1000010457761540
GameObject:
  m_ObjectHideFlags: 1
  m_PrefabParentObject: {fileID: 0}
  m_PrefabInternal: {fileID: 100100000}
  serializedVersion: 4
  m_Component:
  - 4: {fileID: 4000014021704864}
  m_Layer: 0
  m_Name: Male35_44_fabulous:RightUpLeg
  m_TagString: Untagged
  m_Icon: {fileID: 0}
  m_NavMeshLayer: 0
  m_StaticEditorFlags: 0
  m_IsActive: 1
--- !u!1 &1000010511704864
GameObject:
  m_ObjectHideFlags: 1
  m_PrefabParentObject: {fileID: 0}
  m_PrefabInternal: {fileID: 100100000}
  serializedVersion: 4
  m_Component:
  - 4: {fileID: 4000012836180594}
  m_Layer: 0
  m_Name: Male35_44_fabulous:RightHandRing1
  m_TagString: Untagged
  m_Icon: {fileID: 0}
  m_NavMeshLayer: 0
  m_StaticEditorFlags: 0
  m_IsActive: 1
--- !u!1 &1000010539861644
GameObject:
  m_ObjectHideFlags: 1
  m_PrefabParentObject: {fileID: 0}
  m_PrefabInternal: {fileID: 100100000}
  serializedVersion: 4
  m_Component:
  - 4: {fileID: 4000011647740942}
  m_Layer: 0
  m_Name: Male35_44_fabulous:LeftArm
  m_TagString: Untagged
  m_Icon: {fileID: 0}
  m_NavMeshLayer: 0
  m_StaticEditorFlags: 0
  m_IsActive: 1
--- !u!1 &1000010540221986
GameObject:
  m_ObjectHideFlags: 1
  m_PrefabParentObject: {fileID: 0}
  m_PrefabInternal: {fileID: 100100000}
  serializedVersion: 4
  m_Component:
  - 4: {fileID: 4000010967608140}
  m_Layer: 0
  m_Name: Male35_44_fabulous:LeftHandMiddle3
  m_TagString: Untagged
  m_Icon: {fileID: 0}
  m_NavMeshLayer: 0
  m_StaticEditorFlags: 0
  m_IsActive: 1
--- !u!1 &1000010585215194
GameObject:
  m_ObjectHideFlags: 1
  m_PrefabParentObject: {fileID: 0}
  m_PrefabInternal: {fileID: 100100000}
  serializedVersion: 4
  m_Component:
  - 4: {fileID: 4000012828410904}
  m_Layer: 0
  m_Name: Male35_44_fabulous:RightHandRing2
  m_TagString: Untagged
  m_Icon: {fileID: 0}
  m_NavMeshLayer: 0
  m_StaticEditorFlags: 0
  m_IsActive: 1
--- !u!1 &1000010587954190
GameObject:
  m_ObjectHideFlags: 1
  m_PrefabParentObject: {fileID: 0}
  m_PrefabInternal: {fileID: 100100000}
  serializedVersion: 4
  m_Component:
  - 4: {fileID: 4000011449987036}
  m_Layer: 0
  m_Name: Male35_44_fabulous:LeftHandMiddle2
  m_TagString: Untagged
  m_Icon: {fileID: 0}
  m_NavMeshLayer: 0
  m_StaticEditorFlags: 0
  m_IsActive: 1
--- !u!1 &1000010592890938
GameObject:
  m_ObjectHideFlags: 1
  m_PrefabParentObject: {fileID: 0}
  m_PrefabInternal: {fileID: 100100000}
  serializedVersion: 4
  m_Component:
  - 4: {fileID: 4000011045652036}
  m_Layer: 0
  m_Name: Male35_44_fabulous:LeftHand
  m_TagString: Untagged
  m_Icon: {fileID: 0}
  m_NavMeshLayer: 0
  m_StaticEditorFlags: 0
  m_IsActive: 1
--- !u!1 &1000010666026740
GameObject:
  m_ObjectHideFlags: 1
  m_PrefabParentObject: {fileID: 0}
  m_PrefabInternal: {fileID: 100100000}
  serializedVersion: 4
  m_Component:
  - 4: {fileID: 4000012773397368}
  m_Layer: 0
  m_Name: Male35_44_fabulous:LeftToe_End
  m_TagString: Untagged
  m_Icon: {fileID: 0}
  m_NavMeshLayer: 0
  m_StaticEditorFlags: 0
  m_IsActive: 1
--- !u!1 &1000010688054170
GameObject:
  m_ObjectHideFlags: 1
  m_PrefabParentObject: {fileID: 0}
  m_PrefabInternal: {fileID: 100100000}
  serializedVersion: 4
  m_Component:
  - 4: {fileID: 4000012779873904}
  m_Layer: 0
  m_Name: Male35_44_fabulous:HeadTop_End
  m_TagString: Untagged
  m_Icon: {fileID: 0}
  m_NavMeshLayer: 0
  m_StaticEditorFlags: 0
  m_IsActive: 1
--- !u!1 &1000010715448724
GameObject:
  m_ObjectHideFlags: 1
  m_PrefabParentObject: {fileID: 0}
  m_PrefabInternal: {fileID: 100100000}
  serializedVersion: 4
  m_Component:
  - 4: {fileID: 4000012588876844}
  m_Layer: 0
  m_Name: Male35_44_fabulous:RightHandIndex2
  m_TagString: Untagged
  m_Icon: {fileID: 0}
  m_NavMeshLayer: 0
  m_StaticEditorFlags: 0
  m_IsActive: 1
--- !u!1 &1000010734521126
GameObject:
  m_ObjectHideFlags: 1
  m_PrefabParentObject: {fileID: 0}
  m_PrefabInternal: {fileID: 100100000}
  serializedVersion: 4
  m_Component:
  - 4: {fileID: 4000011142151976}
  m_Layer: 0
  m_Name: Male35_44_fabulous:LeftHandIndex3
  m_TagString: Untagged
  m_Icon: {fileID: 0}
  m_NavMeshLayer: 0
  m_StaticEditorFlags: 0
  m_IsActive: 1
--- !u!1 &1000010767199420
GameObject:
  m_ObjectHideFlags: 1
  m_PrefabParentObject: {fileID: 0}
  m_PrefabInternal: {fileID: 100100000}
  serializedVersion: 4
  m_Component:
  - 4: {fileID: 4000010256868926}
  m_Layer: 0
  m_Name: Male35_44_fabulous:RightLeg
  m_TagString: Untagged
  m_Icon: {fileID: 0}
  m_NavMeshLayer: 0
  m_StaticEditorFlags: 0
  m_IsActive: 1
--- !u!1 &1000010768199264
GameObject:
  m_ObjectHideFlags: 1
  m_PrefabParentObject: {fileID: 0}
  m_PrefabInternal: {fileID: 100100000}
  serializedVersion: 4
  m_Component:
  - 4: {fileID: 4000010754370180}
  m_Layer: 0
  m_Name: Male35_44_fabulous:RightToe_End
  m_TagString: Untagged
  m_Icon: {fileID: 0}
  m_NavMeshLayer: 0
  m_StaticEditorFlags: 0
  m_IsActive: 1
--- !u!1 &1000010788519846
GameObject:
  m_ObjectHideFlags: 1
  m_PrefabParentObject: {fileID: 0}
  m_PrefabInternal: {fileID: 100100000}
  serializedVersion: 4
  m_Component:
  - 4: {fileID: 4000010818813098}
  m_Layer: 0
  m_Name: Male35_44_fabulous:Neck
  m_TagString: Untagged
  m_Icon: {fileID: 0}
  m_NavMeshLayer: 0
  m_StaticEditorFlags: 0
  m_IsActive: 1
--- !u!1 &1000010837076968
GameObject:
  m_ObjectHideFlags: 1
  m_PrefabParentObject: {fileID: 0}
  m_PrefabInternal: {fileID: 100100000}
  serializedVersion: 4
  m_Component:
  - 4: {fileID: 4000013379741292}
  m_Layer: 0
  m_Name: Male35_44_fabulous:RightFoot
  m_TagString: Untagged
  m_Icon: {fileID: 0}
  m_NavMeshLayer: 0
  m_StaticEditorFlags: 0
  m_IsActive: 1
--- !u!1 &1000010855789752
GameObject:
  m_ObjectHideFlags: 1
  m_PrefabParentObject: {fileID: 0}
  m_PrefabInternal: {fileID: 100100000}
  serializedVersion: 4
  m_Component:
  - 4: {fileID: 4000013018526292}
  m_Layer: 0
  m_Name: Male35_44_fabulous:RightHandPinky1
  m_TagString: Untagged
  m_Icon: {fileID: 0}
  m_NavMeshLayer: 0
  m_StaticEditorFlags: 0
  m_IsActive: 1
--- !u!1 &1000010917138660
GameObject:
  m_ObjectHideFlags: 1
  m_PrefabParentObject: {fileID: 0}
  m_PrefabInternal: {fileID: 100100000}
  serializedVersion: 4
  m_Component:
  - 4: {fileID: 4000012527915920}
  m_Layer: 0
  m_Name: Male35_44_fabulous:LeftHandMiddle4
  m_TagString: Untagged
  m_Icon: {fileID: 0}
  m_NavMeshLayer: 0
  m_StaticEditorFlags: 0
  m_IsActive: 1
--- !u!1 &1000010939296636
GameObject:
  m_ObjectHideFlags: 1
  m_PrefabParentObject: {fileID: 0}
  m_PrefabInternal: {fileID: 100100000}
  serializedVersion: 4
  m_Component:
  - 4: {fileID: 4000011192803552}
  m_Layer: 0
  m_Name: Male35_44_fabulous:RightShoulder
  m_TagString: Untagged
  m_Icon: {fileID: 0}
  m_NavMeshLayer: 0
  m_StaticEditorFlags: 0
  m_IsActive: 1
--- !u!1 &1000010948112210
GameObject:
  m_ObjectHideFlags: 1
  m_PrefabParentObject: {fileID: 0}
  m_PrefabInternal: {fileID: 100100000}
  serializedVersion: 4
  m_Component:
  - 4: {fileID: 4000011070489804}
  m_Layer: 0
  m_Name: Male35_44_fabulous:RightToeBase
  m_TagString: Untagged
  m_Icon: {fileID: 0}
  m_NavMeshLayer: 0
  m_StaticEditorFlags: 0
  m_IsActive: 1
--- !u!1 &1000010950359012
GameObject:
  m_ObjectHideFlags: 1
  m_PrefabParentObject: {fileID: 0}
  m_PrefabInternal: {fileID: 100100000}
  serializedVersion: 4
  m_Component:
  - 4: {fileID: 4000013551059094}
  m_Layer: 0
  m_Name: Male35_44_fabulous:RightHandRing4
  m_TagString: Untagged
  m_Icon: {fileID: 0}
  m_NavMeshLayer: 0
  m_StaticEditorFlags: 0
  m_IsActive: 1
--- !u!1 &1000010970700164
GameObject:
  m_ObjectHideFlags: 1
  m_PrefabParentObject: {fileID: 0}
  m_PrefabInternal: {fileID: 100100000}
  serializedVersion: 4
  m_Component:
  - 4: {fileID: 4000010535873326}
  m_Layer: 0
  m_Name: Male35_44_fabulous:Spine
  m_TagString: Untagged
  m_Icon: {fileID: 0}
  m_NavMeshLayer: 0
  m_StaticEditorFlags: 0
  m_IsActive: 1
--- !u!1 &1000010972274058
GameObject:
  m_ObjectHideFlags: 1
  m_PrefabParentObject: {fileID: 0}
  m_PrefabInternal: {fileID: 100100000}
  serializedVersion: 4
  m_Component:
  - 4: {fileID: 4000010420017306}
  m_Layer: 0
  m_Name: Male35_44_fabulous:RightHandPinky2
  m_TagString: Untagged
  m_Icon: {fileID: 0}
  m_NavMeshLayer: 0
  m_StaticEditorFlags: 0
  m_IsActive: 1
--- !u!1 &1000010982179414
GameObject:
  m_ObjectHideFlags: 1
  m_PrefabParentObject: {fileID: 0}
  m_PrefabInternal: {fileID: 100100000}
  serializedVersion: 4
  m_Component:
  - 4: {fileID: 4000011233526352}
  m_Layer: 0
  m_Name: Male35_44_fabulous:RightHand
  m_TagString: Untagged
  m_Icon: {fileID: 0}
  m_NavMeshLayer: 0
  m_StaticEditorFlags: 0
  m_IsActive: 1
--- !u!1 &1000011320082078
GameObject:
  m_ObjectHideFlags: 1
  m_PrefabParentObject: {fileID: 0}
  m_PrefabInternal: {fileID: 100100000}
  serializedVersion: 4
  m_Component:
  - 4: {fileID: 4000013815017746}
  m_Layer: 0
  m_Name: Male35_44_fabulous:RightHandPinky4
  m_TagString: Untagged
  m_Icon: {fileID: 0}
  m_NavMeshLayer: 0
  m_StaticEditorFlags: 0
  m_IsActive: 1
--- !u!1 &1000011527449102
GameObject:
  m_ObjectHideFlags: 0
  m_PrefabParentObject: {fileID: 0}
  m_PrefabInternal: {fileID: 100100000}
  serializedVersion: 4
  m_Component:
  - 4: {fileID: 4000013195101906}
  - 95: {fileID: 95000012919470614}
  - 114: {fileID: 114000014254414564}
  - 65: {fileID: 65000010859678260}
  - 114: {fileID: 114000010896364924}
  m_Layer: 0
  m_Name: male_fabulous
  m_TagString: Untagged
  m_Icon: {fileID: 0}
  m_NavMeshLayer: 0
  m_StaticEditorFlags: 0
  m_IsActive: 1
--- !u!1 &1000011537332734
GameObject:
  m_ObjectHideFlags: 1
  m_PrefabParentObject: {fileID: 0}
  m_PrefabInternal: {fileID: 100100000}
  serializedVersion: 4
  m_Component:
  - 4: {fileID: 4000010836610746}
  m_Layer: 0
  m_Name: Male35_44_fabulous:LeftHandRing4
  m_TagString: Untagged
  m_Icon: {fileID: 0}
  m_NavMeshLayer: 0
  m_StaticEditorFlags: 0
  m_IsActive: 1
--- !u!1 &1000011585833130
GameObject:
  m_ObjectHideFlags: 1
  m_PrefabParentObject: {fileID: 0}
  m_PrefabInternal: {fileID: 100100000}
  serializedVersion: 4
  m_Component:
  - 4: {fileID: 4000013401779900}
  m_Layer: 0
  m_Name: Male35_44_fabulous:LeftToeBase
  m_TagString: Untagged
  m_Icon: {fileID: 0}
  m_NavMeshLayer: 0
  m_StaticEditorFlags: 0
  m_IsActive: 1
--- !u!1 &1000011792268334
GameObject:
  m_ObjectHideFlags: 1
  m_PrefabParentObject: {fileID: 0}
  m_PrefabInternal: {fileID: 100100000}
  serializedVersion: 4
  m_Component:
  - 4: {fileID: 4000010479587264}
  m_Layer: 0
  m_Name: Male35_44_fabulous:RightHandThumb4
  m_TagString: Untagged
  m_Icon: {fileID: 0}
  m_NavMeshLayer: 0
  m_StaticEditorFlags: 0
  m_IsActive: 1
--- !u!1 &1000011805576302
GameObject:
  m_ObjectHideFlags: 1
  m_PrefabParentObject: {fileID: 0}
  m_PrefabInternal: {fileID: 100100000}
  serializedVersion: 4
  m_Component:
  - 4: {fileID: 4000012773333764}
  m_Layer: 0
  m_Name: Male35_44_fabulous:LeftHandPinky4
  m_TagString: Untagged
  m_Icon: {fileID: 0}
  m_NavMeshLayer: 0
  m_StaticEditorFlags: 0
  m_IsActive: 1
--- !u!1 &1000011863445686
GameObject:
  m_ObjectHideFlags: 0
  m_PrefabParentObject: {fileID: 0}
  m_PrefabInternal: {fileID: 100100000}
  serializedVersion: 4
  m_Component:
  - 4: {fileID: 4000013280731708}
  - 137: {fileID: 137000010960529214}
  m_Layer: 0
  m_Name: Male35_44_fabulous:Body
  m_TagString: Untagged
  m_Icon: {fileID: 0}
  m_NavMeshLayer: 0
  m_StaticEditorFlags: 0
  m_IsActive: 1
--- !u!1 &1000012010562648
GameObject:
  m_ObjectHideFlags: 1
  m_PrefabParentObject: {fileID: 0}
  m_PrefabInternal: {fileID: 100100000}
  serializedVersion: 4
  m_Component:
  - 4: {fileID: 4000012435362040}
  m_Layer: 0
  m_Name: Male35_44_fabulous:LeftHandThumb4
  m_TagString: Untagged
  m_Icon: {fileID: 0}
  m_NavMeshLayer: 0
  m_StaticEditorFlags: 0
  m_IsActive: 1
--- !u!1 &1000012207246254
GameObject:
  m_ObjectHideFlags: 1
  m_PrefabParentObject: {fileID: 0}
  m_PrefabInternal: {fileID: 100100000}
  serializedVersion: 4
  m_Component:
  - 4: {fileID: 4000011909529328}
  m_Layer: 0
  m_Name: Male35_44_fabulous:RightHandMiddle3
  m_TagString: Untagged
  m_Icon: {fileID: 0}
  m_NavMeshLayer: 0
  m_StaticEditorFlags: 0
  m_IsActive: 1
--- !u!1 &1000012274640526
GameObject:
  m_ObjectHideFlags: 1
  m_PrefabParentObject: {fileID: 0}
  m_PrefabInternal: {fileID: 100100000}
  serializedVersion: 4
  m_Component:
  - 4: {fileID: 4000011498139534}
  m_Layer: 0
  m_Name: Male35_44_fabulous:LeftHandThumb1
  m_TagString: Untagged
  m_Icon: {fileID: 0}
  m_NavMeshLayer: 0
  m_StaticEditorFlags: 0
  m_IsActive: 1
--- !u!1 &1000012313995626
GameObject:
  m_ObjectHideFlags: 1
  m_PrefabParentObject: {fileID: 0}
  m_PrefabInternal: {fileID: 100100000}
  serializedVersion: 4
  m_Component:
  - 4: {fileID: 4000011171719250}
  m_Layer: 0
  m_Name: Male35_44_fabulous:RightHandMiddle1
  m_TagString: Untagged
  m_Icon: {fileID: 0}
  m_NavMeshLayer: 0
  m_StaticEditorFlags: 0
  m_IsActive: 1
--- !u!1 &1000012342149808
GameObject:
  m_ObjectHideFlags: 0
  m_PrefabParentObject: {fileID: 0}
  m_PrefabInternal: {fileID: 100100000}
  serializedVersion: 4
  m_Component:
  - 4: {fileID: 4000011448340580}
  - 137: {fileID: 137000010404876178}
  m_Layer: 0
  m_Name: Male35_44_fabulous:Tops
  m_TagString: Untagged
  m_Icon: {fileID: 0}
  m_NavMeshLayer: 0
  m_StaticEditorFlags: 0
  m_IsActive: 1
--- !u!1 &1000012352123454
GameObject:
  m_ObjectHideFlags: 1
  m_PrefabParentObject: {fileID: 0}
  m_PrefabInternal: {fileID: 100100000}
  serializedVersion: 4
  m_Component:
  - 4: {fileID: 4000012584511540}
  m_Layer: 0
  m_Name: Male35_44_fabulous:RightHandMiddle4
  m_TagString: Untagged
  m_Icon: {fileID: 0}
  m_NavMeshLayer: 0
  m_StaticEditorFlags: 0
  m_IsActive: 1
--- !u!1 &1000012363795150
GameObject:
  m_ObjectHideFlags: 1
  m_PrefabParentObject: {fileID: 0}
  m_PrefabInternal: {fileID: 100100000}
  serializedVersion: 4
  m_Component:
  - 4: {fileID: 4000012140330726}
  m_Layer: 0
  m_Name: Male35_44_fabulous:RightHandIndex3
  m_TagString: Untagged
  m_Icon: {fileID: 0}
  m_NavMeshLayer: 0
  m_StaticEditorFlags: 0
  m_IsActive: 1
--- !u!1 &1000012398146358
GameObject:
  m_ObjectHideFlags: 1
  m_PrefabParentObject: {fileID: 0}
  m_PrefabInternal: {fileID: 100100000}
  serializedVersion: 4
  m_Component:
  - 4: {fileID: 4000012048639162}
  m_Layer: 0
  m_Name: Male35_44_fabulous:LeftHandRing1
  m_TagString: Untagged
  m_Icon: {fileID: 0}
  m_NavMeshLayer: 0
  m_StaticEditorFlags: 0
  m_IsActive: 1
--- !u!1 &1000012522530376
GameObject:
  m_ObjectHideFlags: 1
  m_PrefabParentObject: {fileID: 0}
  m_PrefabInternal: {fileID: 100100000}
  serializedVersion: 4
  m_Component:
  - 4: {fileID: 4000012162012656}
  m_Layer: 0
  m_Name: Male35_44_fabulous:Spine2
  m_TagString: Untagged
  m_Icon: {fileID: 0}
  m_NavMeshLayer: 0
  m_StaticEditorFlags: 0
  m_IsActive: 1
--- !u!1 &1000012574314152
GameObject:
  m_ObjectHideFlags: 0
  m_PrefabParentObject: {fileID: 0}
  m_PrefabInternal: {fileID: 100100000}
  serializedVersion: 4
  m_Component:
  - 4: {fileID: 4000013549380946}
  - 137: {fileID: 137000012046786354}
  m_Layer: 0
  m_Name: Male35_44_fabulous:Bottoms
  m_TagString: Untagged
  m_Icon: {fileID: 0}
  m_NavMeshLayer: 0
  m_StaticEditorFlags: 0
  m_IsActive: 1
--- !u!1 &1000012606669052
GameObject:
  m_ObjectHideFlags: 1
  m_PrefabParentObject: {fileID: 0}
  m_PrefabInternal: {fileID: 100100000}
  serializedVersion: 4
  m_Component:
  - 4: {fileID: 4000011725250460}
  m_Layer: 0
  m_Name: Male35_44_fabulous:LeftHandPinky3
  m_TagString: Untagged
  m_Icon: {fileID: 0}
  m_NavMeshLayer: 0
  m_StaticEditorFlags: 0
  m_IsActive: 1
--- !u!1 &1000012643096420
GameObject:
  m_ObjectHideFlags: 1
  m_PrefabParentObject: {fileID: 0}
  m_PrefabInternal: {fileID: 100100000}
  serializedVersion: 4
  m_Component:
  - 4: {fileID: 4000013904882672}
  m_Layer: 0
  m_Name: Male35_44_fabulous:LeftLeg
  m_TagString: Untagged
  m_Icon: {fileID: 0}
  m_NavMeshLayer: 0
  m_StaticEditorFlags: 0
  m_IsActive: 1
--- !u!1 &1000012685860482
GameObject:
  m_ObjectHideFlags: 1
  m_PrefabParentObject: {fileID: 0}
  m_PrefabInternal: {fileID: 100100000}
  serializedVersion: 4
  m_Component:
  - 4: {fileID: 4000012109633360}
  m_Layer: 0
  m_Name: Male35_44_fabulous:RightForeArm
  m_TagString: Untagged
  m_Icon: {fileID: 0}
  m_NavMeshLayer: 0
  m_StaticEditorFlags: 0
  m_IsActive: 1
--- !u!1 &1000012691628662
GameObject:
  m_ObjectHideFlags: 1
  m_PrefabParentObject: {fileID: 0}
  m_PrefabInternal: {fileID: 100100000}
  serializedVersion: 4
  m_Component:
  - 4: {fileID: 4000010634433966}
  m_Layer: 0
  m_Name: Male35_44_fabulous:Spine1
  m_TagString: Untagged
  m_Icon: {fileID: 0}
  m_NavMeshLayer: 0
  m_StaticEditorFlags: 0
  m_IsActive: 1
--- !u!1 &1000012748044304
GameObject:
  m_ObjectHideFlags: 1
  m_PrefabParentObject: {fileID: 0}
  m_PrefabInternal: {fileID: 100100000}
  serializedVersion: 4
  m_Component:
  - 4: {fileID: 4000010992434704}
  m_Layer: 0
  m_Name: Male35_44_fabulous:Head
  m_TagString: Untagged
  m_Icon: {fileID: 0}
  m_NavMeshLayer: 0
  m_StaticEditorFlags: 0
  m_IsActive: 1
--- !u!1 &1000012820452486
GameObject:
  m_ObjectHideFlags: 1
  m_PrefabParentObject: {fileID: 0}
  m_PrefabInternal: {fileID: 100100000}
  serializedVersion: 4
  m_Component:
  - 4: {fileID: 4000013271829074}
  m_Layer: 0
  m_Name: Male35_44_fabulous:LeftFoot
  m_TagString: Untagged
  m_Icon: {fileID: 0}
  m_NavMeshLayer: 0
  m_StaticEditorFlags: 0
  m_IsActive: 1
--- !u!1 &1000012825753264
GameObject:
  m_ObjectHideFlags: 1
  m_PrefabParentObject: {fileID: 0}
  m_PrefabInternal: {fileID: 100100000}
  serializedVersion: 4
  m_Component:
  - 4: {fileID: 4000012966852410}
  m_Layer: 0
  m_Name: Male35_44_fabulous:LeftHandIndex2
  m_TagString: Untagged
  m_Icon: {fileID: 0}
  m_NavMeshLayer: 0
  m_StaticEditorFlags: 0
  m_IsActive: 1
--- !u!1 &1000012835742756
GameObject:
  m_ObjectHideFlags: 1
  m_PrefabParentObject: {fileID: 0}
  m_PrefabInternal: {fileID: 100100000}
  serializedVersion: 4
  m_Component:
  - 4: {fileID: 4000011602572304}
  m_Layer: 0
  m_Name: Male35_44_fabulous:LeftHandPinky2
  m_TagString: Untagged
  m_Icon: {fileID: 0}
  m_NavMeshLayer: 0
  m_StaticEditorFlags: 0
  m_IsActive: 1
--- !u!1 &1000012844119910
GameObject:
  m_ObjectHideFlags: 1
  m_PrefabParentObject: {fileID: 0}
  m_PrefabInternal: {fileID: 100100000}
  serializedVersion: 4
  m_Component:
  - 4: {fileID: 4000010317211082}
  m_Layer: 0
  m_Name: Male35_44_fabulous:LeftHandThumb2
  m_TagString: Untagged
  m_Icon: {fileID: 0}
  m_NavMeshLayer: 0
  m_StaticEditorFlags: 0
  m_IsActive: 1
--- !u!1 &1000012890782030
GameObject:
  m_ObjectHideFlags: 1
  m_PrefabParentObject: {fileID: 0}
  m_PrefabInternal: {fileID: 100100000}
  serializedVersion: 4
  m_Component:
  - 4: {fileID: 4000010974395352}
  m_Layer: 0
  m_Name: Male35_44_fabulous:RightHandMiddle2
  m_TagString: Untagged
  m_Icon: {fileID: 0}
  m_NavMeshLayer: 0
  m_StaticEditorFlags: 0
  m_IsActive: 1
--- !u!1 &1000012908954474
GameObject:
  m_ObjectHideFlags: 1
  m_PrefabParentObject: {fileID: 0}
  m_PrefabInternal: {fileID: 100100000}
  serializedVersion: 4
  m_Component:
  - 4: {fileID: 4000012095125780}
  m_Layer: 0
  m_Name: Male35_44_fabulous:LeftHandThumb3
  m_TagString: Untagged
  m_Icon: {fileID: 0}
  m_NavMeshLayer: 0
  m_StaticEditorFlags: 0
  m_IsActive: 1
--- !u!1 &1000012914556234
GameObject:
  m_ObjectHideFlags: 0
  m_PrefabParentObject: {fileID: 0}
  m_PrefabInternal: {fileID: 100100000}
  serializedVersion: 4
  m_Component:
  - 4: {fileID: 4000010026448134}
  - 137: {fileID: 137000010709379784}
  m_Layer: 0
  m_Name: Male35_44_fabulous:Gloves
  m_TagString: Untagged
  m_Icon: {fileID: 0}
  m_NavMeshLayer: 0
  m_StaticEditorFlags: 0
  m_IsActive: 1
--- !u!1 &1000012943711848
GameObject:
  m_ObjectHideFlags: 1
  m_PrefabParentObject: {fileID: 0}
  m_PrefabInternal: {fileID: 100100000}
  serializedVersion: 4
  m_Component:
  - 4: {fileID: 4000011086365020}
  m_Layer: 0
  m_Name: Male35_44_fabulous:LeftShoulder
  m_TagString: Untagged
  m_Icon: {fileID: 0}
  m_NavMeshLayer: 0
  m_StaticEditorFlags: 0
  m_IsActive: 1
--- !u!1 &1000013016788618
GameObject:
  m_ObjectHideFlags: 1
  m_PrefabParentObject: {fileID: 0}
  m_PrefabInternal: {fileID: 100100000}
  serializedVersion: 4
  m_Component:
  - 4: {fileID: 4000012215701158}
  m_Layer: 0
  m_Name: Male35_44_fabulous:RightHandIndex4
  m_TagString: Untagged
  m_Icon: {fileID: 0}
  m_NavMeshLayer: 0
  m_StaticEditorFlags: 0
  m_IsActive: 1
--- !u!1 &1000013017918436
GameObject:
  m_ObjectHideFlags: 1
  m_PrefabParentObject: {fileID: 0}
  m_PrefabInternal: {fileID: 100100000}
  serializedVersion: 4
  m_Component:
  - 4: {fileID: 4000012671307168}
  m_Layer: 0
  m_Name: Male35_44_fabulous:LeftHandIndex1
  m_TagString: Untagged
  m_Icon: {fileID: 0}
  m_NavMeshLayer: 0
  m_StaticEditorFlags: 0
  m_IsActive: 1
--- !u!1 &1000013060106558
GameObject:
  m_ObjectHideFlags: 0
  m_PrefabParentObject: {fileID: 0}
  m_PrefabInternal: {fileID: 100100000}
  serializedVersion: 4
  m_Component:
  - 4: {fileID: 4000014281527752}
  - 137: {fileID: 137000011060717238}
  m_Layer: 0
  m_Name: Male35_44_fabulous:Hats
  m_TagString: Untagged
  m_Icon: {fileID: 0}
  m_NavMeshLayer: 0
  m_StaticEditorFlags: 0
  m_IsActive: 1
--- !u!1 &1000013098503310
GameObject:
  m_ObjectHideFlags: 1
  m_PrefabParentObject: {fileID: 0}
  m_PrefabInternal: {fileID: 100100000}
  serializedVersion: 4
  m_Component:
  - 4: {fileID: 4000012519202802}
  m_Layer: 0
  m_Name: Male35_44_fabulous:LeftForeArm
  m_TagString: Untagged
  m_Icon: {fileID: 0}
  m_NavMeshLayer: 0
  m_StaticEditorFlags: 0
  m_IsActive: 1
--- !u!1 &1000013102229726
GameObject:
  m_ObjectHideFlags: 1
  m_PrefabParentObject: {fileID: 0}
  m_PrefabInternal: {fileID: 100100000}
  serializedVersion: 4
  m_Component:
  - 4: {fileID: 4000012452436318}
  m_Layer: 0
  m_Name: Male35_44_fabulous:RightHandThumb1
  m_TagString: Untagged
  m_Icon: {fileID: 0}
  m_NavMeshLayer: 0
  m_StaticEditorFlags: 0
  m_IsActive: 1
--- !u!1 &1000013123903040
GameObject:
  m_ObjectHideFlags: 1
  m_PrefabParentObject: {fileID: 0}
  m_PrefabInternal: {fileID: 100100000}
  serializedVersion: 4
  m_Component:
  - 4: {fileID: 4000012571711904}
  m_Layer: 0
  m_Name: Male35_44_fabulous:LeftHandRing2
  m_TagString: Untagged
  m_Icon: {fileID: 0}
  m_NavMeshLayer: 0
  m_StaticEditorFlags: 0
  m_IsActive: 1
--- !u!1 &1000013290554464
GameObject:
  m_ObjectHideFlags: 0
  m_PrefabParentObject: {fileID: 0}
  m_PrefabInternal: {fileID: 100100000}
  serializedVersion: 4
  m_Component:
  - 4: {fileID: 4000010555352030}
  m_Layer: 0
  m_Name: Male35_44_fabulous:Hips
  m_TagString: Untagged
  m_Icon: {fileID: 0}
  m_NavMeshLayer: 0
  m_StaticEditorFlags: 0
  m_IsActive: 1
--- !u!1 &1000013530289442
GameObject:
  m_ObjectHideFlags: 0
  m_PrefabParentObject: {fileID: 0}
  m_PrefabInternal: {fileID: 100100000}
  serializedVersion: 4
  m_Component:
  - 4: {fileID: 4000010995681358}
  - 137: {fileID: 137000010232362682}
  m_Layer: 0
  m_Name: Male35_44_fabulous:Shoes
  m_TagString: Untagged
  m_Icon: {fileID: 0}
  m_NavMeshLayer: 0
  m_StaticEditorFlags: 0
  m_IsActive: 1
--- !u!1 &1000013701887522
GameObject:
  m_ObjectHideFlags: 1
  m_PrefabParentObject: {fileID: 0}
  m_PrefabInternal: {fileID: 100100000}
  serializedVersion: 4
  m_Component:
  - 4: {fileID: 4000011738947598}
  m_Layer: 0
  m_Name: Male35_44_fabulous:RightArm
  m_TagString: Untagged
  m_Icon: {fileID: 0}
  m_NavMeshLayer: 0
  m_StaticEditorFlags: 0
  m_IsActive: 1
--- !u!1 &1000013716386736
GameObject:
  m_ObjectHideFlags: 1
  m_PrefabParentObject: {fileID: 0}
  m_PrefabInternal: {fileID: 100100000}
  serializedVersion: 4
  m_Component:
  - 4: {fileID: 4000012159351426}
  m_Layer: 0
  m_Name: Male35_44_fabulous:RightHandThumb2
  m_TagString: Untagged
  m_Icon: {fileID: 0}
  m_NavMeshLayer: 0
  m_StaticEditorFlags: 0
  m_IsActive: 1
--- !u!1 &1000013815107400
GameObject:
  m_ObjectHideFlags: 1
  m_PrefabParentObject: {fileID: 0}
  m_PrefabInternal: {fileID: 100100000}
  serializedVersion: 4
  m_Component:
  - 4: {fileID: 4000011830381446}
  m_Layer: 0
  m_Name: Male35_44_fabulous:RightHandRing3
  m_TagString: Untagged
  m_Icon: {fileID: 0}
  m_NavMeshLayer: 0
  m_StaticEditorFlags: 0
  m_IsActive: 1
--- !u!1 &1000013837610146
GameObject:
  m_ObjectHideFlags: 1
  m_PrefabParentObject: {fileID: 0}
  m_PrefabInternal: {fileID: 100100000}
  serializedVersion: 4
  m_Component:
  - 4: {fileID: 4000012814257530}
  m_Layer: 0
  m_Name: Male35_44_fabulous:LeftHandIndex4
  m_TagString: Untagged
  m_Icon: {fileID: 0}
  m_NavMeshLayer: 0
  m_StaticEditorFlags: 0
  m_IsActive: 1
--- !u!1 &1000013916285576
GameObject:
  m_ObjectHideFlags: 1
  m_PrefabParentObject: {fileID: 0}
  m_PrefabInternal: {fileID: 100100000}
  serializedVersion: 4
  m_Component:
  - 4: {fileID: 4000011709054712}
  m_Layer: 0
  m_Name: Male35_44_fabulous:RightHandPinky3
  m_TagString: Untagged
  m_Icon: {fileID: 0}
  m_NavMeshLayer: 0
  m_StaticEditorFlags: 0
  m_IsActive: 1
--- !u!1 &1000014269240494
GameObject:
  m_ObjectHideFlags: 1
  m_PrefabParentObject: {fileID: 0}
  m_PrefabInternal: {fileID: 100100000}
  serializedVersion: 4
  m_Component:
  - 4: {fileID: 4000014227603858}
  m_Layer: 0
  m_Name: Male35_44_fabulous:LeftUpLeg
  m_TagString: Untagged
  m_Icon: {fileID: 0}
  m_NavMeshLayer: 0
  m_StaticEditorFlags: 0
  m_IsActive: 1
--- !u!4 &4000010026448134
Transform:
  m_ObjectHideFlags: 1
  m_PrefabParentObject: {fileID: 0}
  m_PrefabInternal: {fileID: 100100000}
  m_GameObject: {fileID: 1000012914556234}
  m_LocalRotation: {x: 0, y: -0, z: -0, w: 1}
  m_LocalPosition: {x: -0, y: 0, z: 0}
  m_LocalScale: {x: 1, y: 1, z: 1}
  m_LocalEulerAnglesHint: {x: 0, y: 0, z: 0}
  m_Children: []
  m_Father: {fileID: 4000013195101906}
  m_RootOrder: 2
--- !u!4 &4000010256868926
Transform:
  m_ObjectHideFlags: 1
  m_PrefabParentObject: {fileID: 0}
  m_PrefabInternal: {fileID: 100100000}
  m_GameObject: {fileID: 1000010767199420}
  m_LocalRotation: {x: -0.03409611, y: -0.000047708978, z: -0.0021750696, w: 0.99941623}
  m_LocalPosition: {x: 6.271491e-11, y: 0.4704003, z: -0.0000000011809078}
  m_LocalScale: {x: 1, y: 1, z: 1}
  m_LocalEulerAnglesHint: {x: 0, y: 0, z: 0}
  m_Children:
  - {fileID: 4000013379741292}
  m_Father: {fileID: 4000014021704864}
  m_RootOrder: 0
--- !u!4 &4000010317211082
Transform:
  m_ObjectHideFlags: 1
  m_PrefabParentObject: {fileID: 0}
  m_PrefabInternal: {fileID: 100100000}
  m_GameObject: {fileID: 1000012844119910}
  m_LocalRotation: {x: 0.00001664105, y: 0.001012102, z: -0.0623145, w: 0.99805605}
  m_LocalPosition: {x: 0.002393926, y: 0.030377511, z: 3.9882678e-10}
  m_LocalScale: {x: 1, y: 1, z: 1}
  m_LocalEulerAnglesHint: {x: 0, y: 0, z: 0}
  m_Children:
  - {fileID: 4000012095125780}
  m_Father: {fileID: 4000011498139534}
  m_RootOrder: 0
--- !u!4 &4000010339190804
Transform:
  m_ObjectHideFlags: 1
  m_PrefabParentObject: {fileID: 0}
  m_PrefabInternal: {fileID: 100100000}
  m_GameObject: {fileID: 1000010298184894}
  m_LocalRotation: {x: -0.00000009586749, y: 0.000027247885, z: 0.005361975, w: 0.99998564}
  m_LocalPosition: {x: -0.00013809235, y: 0.024075774, z: -4.6342136e-10}
  m_LocalScale: {x: 1, y: 1, z: 1}
  m_LocalEulerAnglesHint: {x: 0, y: 0, z: 0}
  m_Children:
  - {fileID: 4000010836610746}
  m_Father: {fileID: 4000012571711904}
  m_RootOrder: 0
--- !u!4 &4000010420017306
Transform:
  m_ObjectHideFlags: 1
  m_PrefabParentObject: {fileID: 0}
  m_PrefabInternal: {fileID: 100100000}
  m_GameObject: {fileID: 1000010972274058}
  m_LocalRotation: {x: 0.0000014170579, y: 0.00032204136, z: 0.005417326, w: 0.9999853}
  m_LocalPosition: {x: -0.0000075122334, y: 0.02394276, z: 2.1638896e-10}
  m_LocalScale: {x: 1, y: 1, z: 1}
  m_LocalEulerAnglesHint: {x: 0, y: 0, z: 0}
  m_Children:
  - {fileID: 4000011709054712}
  m_Father: {fileID: 4000013018526292}
  m_RootOrder: 0
--- !u!4 &4000010479587264
Transform:
  m_ObjectHideFlags: 1
  m_PrefabParentObject: {fileID: 0}
  m_PrefabInternal: {fileID: 100100000}
  m_GameObject: {fileID: 1000011792268334}
  m_LocalRotation: {x: 0, y: -0, z: -0, w: 1}
  m_LocalPosition: {x: -0.00047846444, y: 0.02626247, z: -7.069965e-10}
  m_LocalScale: {x: 1, y: 1, z: 1}
  m_LocalEulerAnglesHint: {x: 0, y: 0, z: 0}
  m_Children: []
  m_Father: {fileID: 4000012629437404}
  m_RootOrder: 0
--- !u!4 &4000010535873326
Transform:
  m_ObjectHideFlags: 1
  m_PrefabParentObject: {fileID: 0}
  m_PrefabInternal: {fileID: 100100000}
  m_GameObject: {fileID: 1000010970700164}
  m_LocalRotation: {x: -0.06330655, y: -0.0000197199, z: 0.00020885761, w: 0.9979941}
  m_LocalPosition: {x: -0, y: 0.08621063, z: -0.010980533}
  m_LocalScale: {x: 1, y: 1, z: 1}
  m_LocalEulerAnglesHint: {x: 0, y: 0, z: 0}
  m_Children:
  - {fileID: 4000010634433966}
  m_Father: {fileID: 4000010555352030}
  m_RootOrder: 2
--- !u!4 &4000010555352030
Transform:
  m_ObjectHideFlags: 1
  m_PrefabParentObject: {fileID: 0}
  m_PrefabInternal: {fileID: 100100000}
  m_GameObject: {fileID: 1000013290554464}
  m_LocalRotation: {x: 0.0000056645954, y: 0.0000064594865, z: -0.00020968704, w: 1}
  m_LocalPosition: {x: 0.00002191054, y: 1.0662177, z: 0.006340391}
  m_LocalScale: {x: 1, y: 1, z: 1}
  m_LocalEulerAnglesHint: {x: 0, y: 0, z: 0}
  m_Children:
  - {fileID: 4000014227603858}
  - {fileID: 4000014021704864}
  - {fileID: 4000010535873326}
  m_Father: {fileID: 4000013195101906}
  m_RootOrder: 4
--- !u!4 &4000010634433966
Transform:
  m_ObjectHideFlags: 1
  m_PrefabParentObject: {fileID: 0}
  m_PrefabInternal: {fileID: 100100000}
  m_GameObject: {fileID: 1000012691628662}
  m_LocalRotation: {x: 8.624145e-26, y: -1.2847545e-13, z: 6.712679e-13, w: 1}
  m_LocalPosition: {x: -0, y: 0.10139163, z: 8.382294e-10}
  m_LocalScale: {x: 1, y: 1, z: 1}
  m_LocalEulerAnglesHint: {x: 0, y: 0, z: 0}
  m_Children:
  - {fileID: 4000012162012656}
  m_Father: {fileID: 4000010535873326}
  m_RootOrder: 0
--- !u!4 &4000010678005128
Transform:
  m_ObjectHideFlags: 1
  m_PrefabParentObject: {fileID: 0}
  m_PrefabInternal: {fileID: 100100000}
  m_GameObject: {fileID: 1000010230218992}
  m_LocalRotation: {x: -0.0131365815, y: 0.0027377468, z: -0.05602935, w: 0.998339}
  m_LocalPosition: {x: 0.009937305, y: 0.0918559, z: -0.0024510655}
  m_LocalScale: {x: 1, y: 1, z: 1}
  m_LocalEulerAnglesHint: {x: 0, y: 0, z: 0}
  m_Children:
  - {fileID: 4000011449987036}
  m_Father: {fileID: 4000011045652036}
  m_RootOrder: 1
--- !u!4 &4000010754370180
Transform:
  m_ObjectHideFlags: 1
  m_PrefabParentObject: {fileID: 0}
  m_PrefabInternal: {fileID: 100100000}
  m_GameObject: {fileID: 1000010768199264}
  m_LocalRotation: {x: 0, y: -0, z: -0, w: 1}
  m_LocalPosition: {x: -3.3396955e-11, y: 0.056234263, z: -7.2371753e-12}
  m_LocalScale: {x: 1, y: 1, z: 1}
  m_LocalEulerAnglesHint: {x: 0, y: 0, z: 0}
  m_Children: []
  m_Father: {fileID: 4000011070489804}
  m_RootOrder: 0
--- !u!4 &4000010818813098
Transform:
  m_ObjectHideFlags: 1
  m_PrefabParentObject: {fileID: 0}
  m_PrefabInternal: {fileID: 100100000}
  m_GameObject: {fileID: 1000010788519846}
  m_LocalRotation: {x: 0.063301004, y: 2.8154386e-14, z: 2.296164e-13, w: 0.9979945}
  m_LocalPosition: {x: -0, y: 0.13036066, z: 0.000000024338581}
  m_LocalScale: {x: 1, y: 1, z: 1}
  m_LocalEulerAnglesHint: {x: 0, y: 0, z: 0}
  m_Children:
  - {fileID: 4000010992434704}
  m_Father: {fileID: 4000012162012656}
  m_RootOrder: 1
--- !u!4 &4000010836610746
Transform:
  m_ObjectHideFlags: 1
  m_PrefabParentObject: {fileID: 0}
  m_PrefabInternal: {fileID: 100100000}
  m_GameObject: {fileID: 1000011537332734}
  m_LocalRotation: {x: 0, y: -0, z: -0, w: 1}
  m_LocalPosition: {x: 0.00009466755, y: 0.019030487, z: -2.0209427e-10}
  m_LocalScale: {x: 1, y: 1, z: 1}
  m_LocalEulerAnglesHint: {x: 0, y: 0, z: 0}
  m_Children: []
  m_Father: {fileID: 4000010339190804}
  m_RootOrder: 0
--- !u!4 &4000010967608140
Transform:
  m_ObjectHideFlags: 1
  m_PrefabParentObject: {fileID: 0}
  m_PrefabInternal: {fileID: 100100000}
  m_GameObject: {fileID: 1000010540221986}
  m_LocalRotation: {x: -0.00000092525124, y: -0.00039847344, z: 0.009228, w: 0.9999574}
  m_LocalPosition: {x: -0.00017164141, y: 0.027268855, z: 2.5306718e-10}
  m_LocalScale: {x: 1, y: 1, z: 1}
  m_LocalEulerAnglesHint: {x: 0, y: 0, z: 0}
  m_Children:
  - {fileID: 4000012527915920}
  m_Father: {fileID: 4000011449987036}
  m_RootOrder: 0
--- !u!4 &4000010974395352
Transform:
  m_ObjectHideFlags: 1
  m_PrefabParentObject: {fileID: 0}
  m_PrefabInternal: {fileID: 100100000}
  m_GameObject: {fileID: 1000012890782030}
  m_LocalRotation: {x: 0.0000001554178, y: 0.000099547666, z: 0.0018278483, w: 0.99999833}
  m_LocalPosition: {x: 0.00005425723, y: 0.02926127, z: -1.8944461e-10}
  m_LocalScale: {x: 1, y: 1, z: 1}
  m_LocalEulerAnglesHint: {x: 0, y: 0, z: 0}
  m_Children:
  - {fileID: 4000011909529328}
  m_Father: {fileID: 4000011171719250}
  m_RootOrder: 0
--- !u!4 &4000010992434704
Transform:
  m_ObjectHideFlags: 1
  m_PrefabParentObject: {fileID: 0}
  m_PrefabInternal: {fileID: 100100000}
  m_GameObject: {fileID: 1000012748044304}
  m_LocalRotation: {x: 0, y: -0, z: -4.812896e-30, w: 1}
  m_LocalPosition: {x: -0, y: 0.07151413, z: 0.02203909}
  m_LocalScale: {x: 1, y: 1, z: 1}
  m_LocalEulerAnglesHint: {x: 0, y: 0, z: 0}
  m_Children:
  - {fileID: 4000012779873904}
  m_Father: {fileID: 4000010818813098}
  m_RootOrder: 0
--- !u!4 &4000010995681358
Transform:
  m_ObjectHideFlags: 1
  m_PrefabParentObject: {fileID: 0}
  m_PrefabInternal: {fileID: 100100000}
  m_GameObject: {fileID: 1000013530289442}
  m_LocalRotation: {x: 0, y: -0, z: -0, w: 1}
  m_LocalPosition: {x: -0, y: 0, z: 0}
  m_LocalScale: {x: 1, y: 1, z: 1}
  m_LocalEulerAnglesHint: {x: 0, y: 0, z: 0}
  m_Children: []
  m_Father: {fileID: 4000013195101906}
  m_RootOrder: 5
--- !u!4 &4000011045652036
Transform:
  m_ObjectHideFlags: 1
  m_PrefabParentObject: {fileID: 0}
  m_PrefabInternal: {fileID: 100100000}
  m_GameObject: {fileID: 1000010592890938}
  m_LocalRotation: {x: 0.0096535, y: -0.06669511, z: 0.05460731, w: 0.99623126}
  m_LocalPosition: {x: 2.005426e-10, y: 0.26786926, z: -1.5535676e-10}
  m_LocalScale: {x: 1, y: 1, z: 1}
  m_LocalEulerAnglesHint: {x: 0, y: 0, z: 0}
  m_Children:
  - {fileID: 4000012671307168}
  - {fileID: 4000010678005128}
  - {fileID: 4000011214008572}
  - {fileID: 4000012048639162}
  - {fileID: 4000011498139534}
  m_Father: {fileID: 4000012519202802}
  m_RootOrder: 0
--- !u!4 &4000011070489804
Transform:
  m_ObjectHideFlags: 1
  m_PrefabParentObject: {fileID: 0}
  m_PrefabInternal: {fileID: 100100000}
  m_GameObject: {fileID: 1000010948112210}
  m_LocalRotation: {x: 0.2629875, y: 0.04514668, z: -0.012320699, w: 0.96366364}
  m_LocalPosition: {x: -2.2386683e-10, y: 0.12835252, z: -0.0000000025652094}
  m_LocalScale: {x: 1, y: 1, z: 1}
  m_LocalEulerAnglesHint: {x: 0, y: 0, z: 0}
  m_Children:
  - {fileID: 4000010754370180}
  m_Father: {fileID: 4000013379741292}
  m_RootOrder: 0
--- !u!4 &4000011086365020
Transform:
  m_ObjectHideFlags: 1
  m_PrefabParentObject: {fileID: 0}
  m_PrefabInternal: {fileID: 100100000}
  m_GameObject: {fileID: 1000012943711848}
  m_LocalRotation: {x: 0.5586081, y: -0.4286849, z: 0.5744212, w: 0.41740462}
  m_LocalPosition: {x: -0.056484193, y: 0.11294232, z: -0.0016194513}
  m_LocalScale: {x: 1, y: 1, z: 1}
  m_LocalEulerAnglesHint: {x: 0, y: 0, z: 0}
  m_Children:
  - {fileID: 4000011647740942}
  m_Father: {fileID: 4000012162012656}
  m_RootOrder: 0
--- !u!4 &4000011142151976
Transform:
  m_ObjectHideFlags: 1
  m_PrefabParentObject: {fileID: 0}
  m_PrefabInternal: {fileID: 100100000}
  m_GameObject: {fileID: 1000010734521126}
  m_LocalRotation: {x: -0.00000013730545, y: -0.000024580982, z: 0.0017201903, w: 0.9999985}
  m_LocalPosition: {x: -0.000028296656, y: 0.027257033, z: -0.0000000010528984}
  m_LocalScale: {x: 1, y: 1, z: 1}
  m_LocalEulerAnglesHint: {x: 0, y: 0, z: 0}
  m_Children:
  - {fileID: 4000012814257530}
  m_Father: {fileID: 4000012966852410}
  m_RootOrder: 0
--- !u!4 &4000011171719250
Transform:
  m_ObjectHideFlags: 1
  m_PrefabParentObject: {fileID: 0}
  m_PrefabInternal: {fileID: 100100000}
  m_GameObject: {fileID: 1000012313995626}
  m_LocalRotation: {x: -0.008313092, y: -0.0012613251, z: 0.05494352, w: 0.9984541}
  m_LocalPosition: {x: -0.009770199, y: 0.09003827, z: -0.0015155504}
  m_LocalScale: {x: 1, y: 1, z: 1}
  m_LocalEulerAnglesHint: {x: 0, y: 0, z: 0}
  m_Children:
  - {fileID: 4000010974395352}
  m_Father: {fileID: 4000011233526352}
  m_RootOrder: 1
--- !u!4 &4000011192803552
Transform:
  m_ObjectHideFlags: 1
  m_PrefabParentObject: {fileID: 0}
  m_PrefabInternal: {fileID: 100100000}
  m_GameObject: {fileID: 1000010939296636}
  m_LocalRotation: {x: -0.55210114, y: -0.43367514, z: 0.57959735, w: -0.41373563}
  m_LocalPosition: {x: 0.056484193, y: 0.11309249, z: -0.0027984905}
  m_LocalScale: {x: 1, y: 1, z: 1}
  m_LocalEulerAnglesHint: {x: 0, y: 0, z: 0}
  m_Children:
  - {fileID: 4000011738947598}
  m_Father: {fileID: 4000012162012656}
  m_RootOrder: 2
--- !u!4 &4000011214008572
Transform:
  m_ObjectHideFlags: 1
  m_PrefabParentObject: {fileID: 0}
  m_PrefabInternal: {fileID: 100100000}
  m_GameObject: {fileID: 1000010140765456}
  m_LocalRotation: {x: -0.012953883, y: 0.006192193, z: -0.055333797, w: 0.9983647}
  m_LocalPosition: {x: -0.028106978, y: 0.08655909, z: 0.0002758262}
  m_LocalScale: {x: 1, y: 1, z: 1}
  m_LocalEulerAnglesHint: {x: 0, y: 0, z: 0}
  m_Children:
  - {fileID: 4000011602572304}
  m_Father: {fileID: 4000011045652036}
  m_RootOrder: 2
--- !u!4 &4000011233526352
Transform:
  m_ObjectHideFlags: 1
  m_PrefabParentObject: {fileID: 0}
  m_PrefabInternal: {fileID: 100100000}
  m_GameObject: {fileID: 1000010982179414}
  m_LocalRotation: {x: 0.0042925794, y: 0.07514347, z: -0.054489132, w: 0.99567366}
  m_LocalPosition: {x: 2.6695013e-10, y: 0.26815397, z: -4.2712996e-11}
  m_LocalScale: {x: 1, y: 1, z: 1}
  m_LocalEulerAnglesHint: {x: 0, y: 0, z: 0}
  m_Children:
  - {fileID: 4000013427593384}
  - {fileID: 4000011171719250}
  - {fileID: 4000013018526292}
  - {fileID: 4000012836180594}
  - {fileID: 4000012452436318}
  m_Father: {fileID: 4000012109633360}
  m_RootOrder: 0
--- !u!4 &4000011448340580
Transform:
  m_ObjectHideFlags: 1
  m_PrefabParentObject: {fileID: 0}
  m_PrefabInternal: {fileID: 100100000}
  m_GameObject: {fileID: 1000012342149808}
  m_LocalRotation: {x: 0, y: -0, z: -0, w: 1}
  m_LocalPosition: {x: -0, y: 0, z: 0}
  m_LocalScale: {x: 1, y: 1, z: 1}
  m_LocalEulerAnglesHint: {x: 0, y: 0, z: 0}
  m_Children: []
  m_Father: {fileID: 4000013195101906}
  m_RootOrder: 6
--- !u!4 &4000011449987036
Transform:
  m_ObjectHideFlags: 1
  m_PrefabParentObject: {fileID: 0}
  m_PrefabInternal: {fileID: 100100000}
  m_GameObject: {fileID: 1000010587954190}
  m_LocalRotation: {x: 0.0000008574014, y: -0.000075942, z: -0.0009975573, w: 0.9999995}
  m_LocalPosition: {x: -0.00012212768, y: 0.028291477, z: -2.487286e-10}
  m_LocalScale: {x: 1, y: 1, z: 1}
  m_LocalEulerAnglesHint: {x: 0, y: 0, z: 0}
  m_Children:
  - {fileID: 4000010967608140}
  m_Father: {fileID: 4000010678005128}
  m_RootOrder: 0
--- !u!4 &4000011498139534
Transform:
  m_ObjectHideFlags: 1
  m_PrefabParentObject: {fileID: 0}
  m_PrefabInternal: {fileID: 100100000}
  m_GameObject: {fileID: 1000012274640526}
  m_LocalRotation: {x: 0.19986916, y: -0.07544374, z: -0.26783815, w: 0.9394803}
  m_LocalPosition: {x: 0.023460262, y: 0.027056204, z: 0.012976923}
  m_LocalScale: {x: 1, y: 1, z: 1}
  m_LocalEulerAnglesHint: {x: 0, y: 0, z: 0}
  m_Children:
  - {fileID: 4000010317211082}
  m_Father: {fileID: 4000011045652036}
  m_RootOrder: 4
--- !u!4 &4000011602572304
Transform:
  m_ObjectHideFlags: 1
  m_PrefabParentObject: {fileID: 0}
  m_PrefabInternal: {fileID: 100100000}
  m_GameObject: {fileID: 1000012835742756}
  m_LocalRotation: {x: 0.0000014944973, y: -0.00018631529, z: -0.002983799, w: 0.9999955}
  m_LocalPosition: {x: -0.00006716349, y: 0.023690455, z: -7.708735e-11}
  m_LocalScale: {x: 1, y: 1, z: 1}
  m_LocalEulerAnglesHint: {x: 0, y: 0, z: 0}
  m_Children:
  - {fileID: 4000011725250460}
  m_Father: {fileID: 4000011214008572}
  m_RootOrder: 0
--- !u!4 &4000011647740942
Transform:
  m_ObjectHideFlags: 1
  m_PrefabParentObject: {fileID: 0}
  m_PrefabInternal: {fileID: 100100000}
  m_GameObject: {fileID: 1000010539861644}
  m_LocalRotation: {x: -0.14356986, y: -0.009915688, z: -0.012436681, w: 0.9895124}
  m_LocalPosition: {x: -2.1203193e-10, y: 0.1196617, z: 0.0000000013162926}
  m_LocalScale: {x: 1, y: 1, z: 1}
  m_LocalEulerAnglesHint: {x: 0, y: 0, z: 0}
  m_Children:
  - {fileID: 4000012519202802}
  m_Father: {fileID: 4000011086365020}
  m_RootOrder: 0
--- !u!4 &4000011709054712
Transform:
  m_ObjectHideFlags: 1
  m_PrefabParentObject: {fileID: 0}
  m_PrefabInternal: {fileID: 100100000}
  m_GameObject: {fileID: 1000013916285576}
  m_LocalRotation: {x: 0.00000034708313, y: 0.00015289255, z: -0.011647975, w: 0.99993217}
  m_LocalPosition: {x: 0.00020506968, y: 0.01952178, z: 2.552653e-10}
  m_LocalScale: {x: 1, y: 1, z: 1}
  m_LocalEulerAnglesHint: {x: 0, y: 0, z: 0}
  m_Children:
  - {fileID: 4000013815017746}
  m_Father: {fileID: 4000010420017306}
  m_RootOrder: 0
--- !u!4 &4000011725250460
Transform:
  m_ObjectHideFlags: 1
  m_PrefabParentObject: {fileID: 0}
  m_PrefabInternal: {fileID: 100100000}
  m_GameObject: {fileID: 1000012606669052}
  m_LocalRotation: {x: -0.000001248974, y: -0.00043238857, z: 0.01214657, w: 0.99992615}
  m_LocalPosition: {x: -0.00016341453, y: 0.01853074, z: 2.4094618e-10}
  m_LocalScale: {x: 1, y: 1, z: 1}
  m_LocalEulerAnglesHint: {x: 0, y: 0, z: 0}
  m_Children:
  - {fileID: 4000012773333764}
  m_Father: {fileID: 4000011602572304}
  m_RootOrder: 0
--- !u!4 &4000011738947598
Transform:
  m_ObjectHideFlags: 1
  m_PrefabParentObject: {fileID: 0}
  m_PrefabInternal: {fileID: 100100000}
  m_GameObject: {fileID: 1000013701887522}
  m_LocalRotation: {x: -0.14226836, y: 0.009153147, z: 0.022945648, w: 0.98951983}
  m_LocalPosition: {x: 1.6438736e-10, y: 0.1196617, z: 0.000000001322586}
  m_LocalScale: {x: 1, y: 1, z: 1}
  m_LocalEulerAnglesHint: {x: 0, y: 0, z: 0}
  m_Children:
  - {fileID: 4000012109633360}
  m_Father: {fileID: 4000011192803552}
  m_RootOrder: 0
--- !u!4 &4000011830381446
Transform:
  m_ObjectHideFlags: 1
  m_PrefabParentObject: {fileID: 0}
  m_PrefabInternal: {fileID: 100100000}
  m_GameObject: {fileID: 1000013815107400}
  m_LocalRotation: {x: -8.4652363e-10, y: 0.000083353065, z: -0.009934547, w: 0.99995065}
  m_LocalPosition: {x: 0.00022692529, y: 0.024580287, z: 2.7379626e-10}
  m_LocalScale: {x: 1, y: 1, z: 1}
  m_LocalEulerAnglesHint: {x: 0, y: 0, z: 0}
  m_Children:
  - {fileID: 4000013551059094}
  m_Father: {fileID: 4000012828410904}
  m_RootOrder: 0
--- !u!4 &4000011909529328
Transform:
  m_ObjectHideFlags: 1
  m_PrefabParentObject: {fileID: 0}
  m_PrefabInternal: {fileID: 100100000}
  m_GameObject: {fileID: 1000012207246254}
  m_LocalRotation: {x: -0.00000014990286, y: 0.00016079654, z: -0.0069860592, w: 0.9999756}
  m_LocalPosition: {x: 0.00015418112, y: 0.027994182, z: -6.2443317e-10}
  m_LocalScale: {x: 1, y: 1, z: 1}
  m_LocalEulerAnglesHint: {x: 0, y: 0, z: 0}
  m_Children:
  - {fileID: 4000012584511540}
  m_Father: {fileID: 4000010974395352}
  m_RootOrder: 0
--- !u!4 &4000012048639162
Transform:
  m_ObjectHideFlags: 1
  m_PrefabParentObject: {fileID: 0}
  m_PrefabInternal: {fileID: 100100000}
  m_GameObject: {fileID: 1000012398146358}
  m_LocalRotation: {x: -0.013146045, y: 0.002455451, z: -0.05297315, w: 0.9985064}
  m_LocalPosition: {x: -0.0115573285, y: 0.09575491, z: -0.001987115}
  m_LocalScale: {x: 1, y: 1, z: 1}
  m_LocalEulerAnglesHint: {x: 0, y: 0, z: 0}
  m_Children:
  - {fileID: 4000012571711904}
  m_Father: {fileID: 4000011045652036}
  m_RootOrder: 3
--- !u!4 &4000012095125780
Transform:
  m_ObjectHideFlags: 1
  m_PrefabParentObject: {fileID: 0}
  m_PrefabInternal: {fileID: 100100000}
  m_GameObject: {fileID: 1000012908954474}
  m_LocalRotation: {x: -0.00000893436, y: 0.00018669973, z: -0.0005237591, w: 0.9999999}
  m_LocalPosition: {x: -0.0013011333, y: 0.028221542, z: -6.2257954e-10}
  m_LocalScale: {x: 1, y: 1, z: 1}
  m_LocalEulerAnglesHint: {x: 0, y: 0, z: 0}
  m_Children:
  - {fileID: 4000012435362040}
  m_Father: {fileID: 4000010317211082}
  m_RootOrder: 0
--- !u!4 &4000012109633360
Transform:
  m_ObjectHideFlags: 1
  m_PrefabParentObject: {fileID: 0}
  m_PrefabInternal: {fileID: 100100000}
  m_GameObject: {fileID: 1000012685860482}
  m_LocalRotation: {x: -0.00000021035538, y: -0.00042541584, z: -0.00000022919718,
    w: 0.99999994}
  m_LocalPosition: {x: 6.271282e-10, y: 0.24148065, z: -6.9271665e-11}
  m_LocalScale: {x: 1, y: 1, z: 1}
  m_LocalEulerAnglesHint: {x: 0, y: 0, z: 0}
  m_Children:
  - {fileID: 4000011233526352}
  m_Father: {fileID: 4000011738947598}
  m_RootOrder: 0
--- !u!4 &4000012140330726
Transform:
  m_ObjectHideFlags: 1
  m_PrefabParentObject: {fileID: 0}
  m_PrefabInternal: {fileID: 100100000}
  m_GameObject: {fileID: 1000012363795150}
  m_LocalRotation: {x: -0.00000050096594, y: -0.00000013187812, z: 0.00075983995,
    w: 0.9999997}
  m_LocalPosition: {x: -0.000017050113, y: 0.027823355, z: 8.655249e-10}
  m_LocalScale: {x: 1, y: 1, z: 1}
  m_LocalEulerAnglesHint: {x: 0, y: 0, z: 0}
  m_Children:
  - {fileID: 4000012215701158}
  m_Father: {fileID: 4000012588876844}
  m_RootOrder: 0
--- !u!4 &4000012159351426
Transform:
  m_ObjectHideFlags: 1
  m_PrefabParentObject: {fileID: 0}
  m_PrefabInternal: {fileID: 100100000}
  m_GameObject: {fileID: 1000013716386736}
  m_LocalRotation: {x: 0.0000032230612, y: 0.0004953062, z: 0.060681503, w: 0.9981571}
  m_LocalPosition: {x: -0.0015160172, y: 0.028016074, z: 6.3024713e-10}
  m_LocalScale: {x: 1, y: 1, z: 1}
  m_LocalEulerAnglesHint: {x: 0, y: 0, z: 0}
  m_Children:
  - {fileID: 4000012629437404}
  m_Father: {fileID: 4000012452436318}
  m_RootOrder: 0
--- !u!4 &4000012162012656
Transform:
  m_ObjectHideFlags: 1
  m_PrefabParentObject: {fileID: 0}
  m_PrefabInternal: {fileID: 100100000}
  m_GameObject: {fileID: 1000012522530376}
  m_LocalRotation: {x: 0, y: -1.009742e-28, z: 7.5730647e-29, w: 1}
  m_LocalPosition: {x: -0, y: 0.115876, z: 2.5280997e-10}
  m_LocalScale: {x: 1, y: 1, z: 1}
  m_LocalEulerAnglesHint: {x: 0, y: 0, z: 0}
  m_Children:
  - {fileID: 4000011086365020}
  - {fileID: 4000010818813098}
  - {fileID: 4000011192803552}
  m_Father: {fileID: 4000010634433966}
  m_RootOrder: 0
--- !u!4 &4000012215701158
Transform:
  m_ObjectHideFlags: 1
  m_PrefabParentObject: {fileID: 0}
  m_PrefabInternal: {fileID: 100100000}
  m_GameObject: {fileID: 1000013016788618}
  m_LocalRotation: {x: 0, y: -0, z: -0, w: 1}
  m_LocalPosition: {x: 0.00002086556, y: 0.02311471, z: -1.1030181e-11}
  m_LocalScale: {x: 1, y: 1, z: 1}
  m_LocalEulerAnglesHint: {x: 0, y: 0, z: 0}
  m_Children: []
  m_Father: {fileID: 4000012140330726}
  m_RootOrder: 0
--- !u!4 &4000012435362040
Transform:
  m_ObjectHideFlags: 1
  m_PrefabParentObject: {fileID: 0}
  m_PrefabInternal: {fileID: 100100000}
  m_GameObject: {fileID: 1000012010562648}
  m_LocalRotation: {x: 0, y: -0, z: -0, w: 1}
  m_LocalPosition: {x: -0.0010927974, y: 0.023181962, z: -7.7725815e-10}
  m_LocalScale: {x: 1, y: 1, z: 1}
  m_LocalEulerAnglesHint: {x: 0, y: 0, z: 0}
  m_Children: []
  m_Father: {fileID: 4000012095125780}
  m_RootOrder: 0
--- !u!4 &4000012452436318
Transform:
  m_ObjectHideFlags: 1
  m_PrefabParentObject: {fileID: 0}
  m_PrefabInternal: {fileID: 100100000}
  m_GameObject: {fileID: 1000013102229726}
  m_LocalRotation: {x: 0.1997862, y: 0.07847795, z: 0.2840237, w: 0.93448234}
  m_LocalPosition: {x: -0.021843733, y: 0.024728172, z: 0.011889889}
  m_LocalScale: {x: 1, y: 1, z: 1}
  m_LocalEulerAnglesHint: {x: 0, y: 0, z: 0}
  m_Children:
  - {fileID: 4000012159351426}
  m_Father: {fileID: 4000011233526352}
  m_RootOrder: 4
--- !u!4 &4000012519202802
Transform:
  m_ObjectHideFlags: 1
  m_PrefabParentObject: {fileID: 0}
  m_PrefabInternal: {fileID: 100100000}
  m_GameObject: {fileID: 1000013098503310}
  m_LocalRotation: {x: -0.00000033190557, y: 0.00042555825, z: 0.00000024181952, w: 0.99999994}
  m_LocalPosition: {x: -6.350129e-10, y: 0.24136198, z: -1.3864308e-10}
  m_LocalScale: {x: 1, y: 1, z: 1}
  m_LocalEulerAnglesHint: {x: 0, y: 0, z: 0}
  m_Children:
  - {fileID: 4000011045652036}
  m_Father: {fileID: 4000011647740942}
  m_RootOrder: 0
--- !u!4 &4000012527915920
Transform:
  m_ObjectHideFlags: 1
  m_PrefabParentObject: {fileID: 0}
  m_PrefabInternal: {fileID: 100100000}
  m_GameObject: {fileID: 1000010917138660}
  m_LocalRotation: {x: 0, y: -0, z: -0, w: 1}
  m_LocalPosition: {x: 0.000293769, y: 0.024198782, z: 8.2718256e-11}
  m_LocalScale: {x: 1, y: 1, z: 1}
  m_LocalEulerAnglesHint: {x: 0, y: 0, z: 0}
  m_Children: []
  m_Father: {fileID: 4000010967608140}
  m_RootOrder: 0
--- !u!4 &4000012571711904
Transform:
  m_ObjectHideFlags: 1
  m_PrefabParentObject: {fileID: 0}
  m_PrefabInternal: {fileID: 100100000}
  m_GameObject: {fileID: 1000013123903040}
  m_LocalRotation: {x: -0.0000002801171, y: -0.000102139384, z: -0.0037669612, w: 0.9999929}
  m_LocalPosition: {x: 0.00004342466, y: 0.023861058, z: -6.5091427e-10}
  m_LocalScale: {x: 1, y: 1, z: 1}
  m_LocalEulerAnglesHint: {x: 0, y: 0, z: 0}
  m_Children:
  - {fileID: 4000010339190804}
  m_Father: {fileID: 4000012048639162}
  m_RootOrder: 0
--- !u!4 &4000012584511540
Transform:
  m_ObjectHideFlags: 1
  m_PrefabParentObject: {fileID: 0}
  m_PrefabInternal: {fileID: 100100000}
  m_GameObject: {fileID: 1000012352123454}
  m_LocalRotation: {x: 0, y: -0, z: -0, w: 1}
  m_LocalPosition: {x: -0.00020843837, y: 0.024553308, z: 5.6942895e-11}
  m_LocalScale: {x: 1, y: 1, z: 1}
  m_LocalEulerAnglesHint: {x: 0, y: 0, z: 0}
  m_Children: []
  m_Father: {fileID: 4000011909529328}
  m_RootOrder: 0
--- !u!4 &4000012588876844
Transform:
  m_ObjectHideFlags: 1
  m_PrefabParentObject: {fileID: 0}
  m_PrefabInternal: {fileID: 100100000}
  m_GameObject: {fileID: 1000010715448724}
  m_LocalRotation: {x: 0.00000027240455, y: 0.0000015411401, z: -0.00023582578, w: 1}
  m_LocalPosition: {x: -0.0000038154426, y: 0.028682156, z: -9.100717e-11}
  m_LocalScale: {x: 1, y: 1, z: 1}
  m_LocalEulerAnglesHint: {x: 0, y: 0, z: 0}
  m_Children:
  - {fileID: 4000012140330726}
  m_Father: {fileID: 4000013427593384}
  m_RootOrder: 0
--- !u!4 &4000012629437404
Transform:
  m_ObjectHideFlags: 1
  m_PrefabParentObject: {fileID: 0}
  m_PrefabInternal: {fileID: 100100000}
  m_GameObject: {fileID: 1000010344930060}
  m_LocalRotation: {x: -0.000013377237, y: -0.0005374016, z: -0.04277613, w: 0.99908453}
  m_LocalPosition: {x: 0.0019944822, y: 0.029548764, z: -5.21008e-10}
  m_LocalScale: {x: 1, y: 1, z: 1}
  m_LocalEulerAnglesHint: {x: 0, y: 0, z: 0}
  m_Children:
  - {fileID: 4000010479587264}
  m_Father: {fileID: 4000012159351426}
  m_RootOrder: 0
--- !u!4 &4000012671307168
Transform:
  m_ObjectHideFlags: 1
  m_PrefabParentObject: {fileID: 0}
  m_PrefabInternal: {fileID: 100100000}
  m_GameObject: {fileID: 1000013017918436}
  m_LocalRotation: {x: -0.013151696, y: 0.0023867786, z: -0.054389, w: 0.9984304}
  m_LocalPosition: {x: 0.029727, y: 0.082920715, z: -0.0010313288}
  m_LocalScale: {x: 1, y: 1, z: 1}
  m_LocalEulerAnglesHint: {x: 0, y: 0, z: 0}
  m_Children:
  - {fileID: 4000012966852410}
  m_Father: {fileID: 4000011045652036}
  m_RootOrder: 0
--- !u!4 &4000012773333764
Transform:
  m_ObjectHideFlags: 1
  m_PrefabParentObject: {fileID: 0}
  m_PrefabInternal: {fileID: 100100000}
  m_GameObject: {fileID: 1000011805576302}
  m_LocalRotation: {x: 0, y: -0, z: -0, w: 1}
  m_LocalPosition: {x: 0.00023057859, y: 0.014904067, z: -3.4540336e-11}
  m_LocalScale: {x: 1, y: 1, z: 1}
  m_LocalEulerAnglesHint: {x: 0, y: 0, z: 0}
  m_Children: []
  m_Father: {fileID: 4000011725250460}
  m_RootOrder: 0
--- !u!4 &4000012773397368
Transform:
  m_ObjectHideFlags: 1
  m_PrefabParentObject: {fileID: 0}
  m_PrefabInternal: {fileID: 100100000}
  m_GameObject: {fileID: 1000010666026740}
  m_LocalRotation: {x: 0, y: -0, z: -0, w: 1}
  m_LocalPosition: {x: -2.7446906e-10, y: 0.052578557, z: 2.1632513e-11}
  m_LocalScale: {x: 1, y: 1, z: 1}
  m_LocalEulerAnglesHint: {x: 0, y: 0, z: 0}
  m_Children: []
  m_Father: {fileID: 4000013401779900}
  m_RootOrder: 0
--- !u!4 &4000012779873904
Transform:
  m_ObjectHideFlags: 1
  m_PrefabParentObject: {fileID: 0}
  m_PrefabInternal: {fileID: 100100000}
  m_GameObject: {fileID: 1000010688054170}
  m_LocalRotation: {x: 0, y: -0, z: -0, w: 1}
  m_LocalPosition: {x: -0, y: 0.31253448, z: 0.096316285}
  m_LocalScale: {x: 1, y: 1, z: 1}
  m_LocalEulerAnglesHint: {x: 0, y: 0, z: 0}
  m_Children: []
  m_Father: {fileID: 4000010992434704}
  m_RootOrder: 0
--- !u!4 &4000012814257530
Transform:
  m_ObjectHideFlags: 1
  m_PrefabParentObject: {fileID: 0}
  m_PrefabInternal: {fileID: 100100000}
  m_GameObject: {fileID: 1000013837610146}
  m_LocalRotation: {x: 0, y: -0, z: -0, w: 1}
  m_LocalPosition: {x: 0.000057479934, y: 0.02362095, z: -1.7586473e-10}
  m_LocalScale: {x: 1, y: 1, z: 1}
  m_LocalEulerAnglesHint: {x: 0, y: 0, z: 0}
  m_Children: []
  m_Father: {fileID: 4000011142151976}
  m_RootOrder: 0
--- !u!4 &4000012828410904
Transform:
  m_ObjectHideFlags: 1
  m_PrefabParentObject: {fileID: 0}
  m_PrefabInternal: {fileID: 100100000}
  m_GameObject: {fileID: 1000010585215194}
  m_LocalRotation: {x: 0.0000008899416, y: 0.00025357516, z: 0.004599322, w: 0.9999894}
  m_LocalPosition: {x: 0.0000009530972, y: 0.027666094, z: 1.6282797e-12}
  m_LocalScale: {x: 1, y: 1, z: 1}
  m_LocalEulerAnglesHint: {x: 0, y: 0, z: 0}
  m_Children:
  - {fileID: 4000011830381446}
  m_Father: {fileID: 4000012836180594}
  m_RootOrder: 0
--- !u!4 &4000012836180594
Transform:
  m_ObjectHideFlags: 1
  m_PrefabParentObject: {fileID: 0}
  m_PrefabInternal: {fileID: 100100000}
  m_GameObject: {fileID: 1000010511704864}
  m_LocalRotation: {x: -0.008170113, y: -0.003899841, z: 0.054061525, w: 0.9984966}
  m_LocalPosition: {x: 0.009344795, y: 0.08976371, z: -0.0030993547}
  m_LocalScale: {x: 1, y: 1, z: 1}
  m_LocalEulerAnglesHint: {x: 0, y: 0, z: 0}
  m_Children:
  - {fileID: 4000012828410904}
  m_Father: {fileID: 4000011233526352}
  m_RootOrder: 3
--- !u!4 &4000012966852410
Transform:
  m_ObjectHideFlags: 1
  m_PrefabParentObject: {fileID: 0}
  m_PrefabInternal: {fileID: 100100000}
  m_GameObject: {fileID: 1000012825753264}
  m_LocalRotation: {x: -0.00000037694613, y: 0.0000007012593, z: 0.0000045001975,
    w: 1}
  m_LocalPosition: {x: -0.000029182964, y: 0.027981251, z: -1.2524225e-10}
  m_LocalScale: {x: 1, y: 1, z: 1}
  m_LocalEulerAnglesHint: {x: 0, y: 0, z: 0}
  m_Children:
  - {fileID: 4000011142151976}
  m_Father: {fileID: 4000012671307168}
  m_RootOrder: 0
--- !u!4 &4000013018526292
Transform:
  m_ObjectHideFlags: 1
  m_PrefabParentObject: {fileID: 0}
  m_PrefabInternal: {fileID: 100100000}
  m_GameObject: {fileID: 1000010855789752}
  m_LocalRotation: {x: -0.008267483, y: -0.002086695, z: 0.053862315, w: 0.99851197}
  m_LocalPosition: {x: 0.029395394, y: 0.08692937, z: 0.0011222274}
  m_LocalScale: {x: 1, y: 1, z: 1}
  m_LocalEulerAnglesHint: {x: 0, y: 0, z: 0}
  m_Children:
  - {fileID: 4000010420017306}
  m_Father: {fileID: 4000011233526352}
  m_RootOrder: 2
--- !u!4 &4000013195101906
Transform:
  m_ObjectHideFlags: 1
  m_PrefabParentObject: {fileID: 0}
  m_PrefabInternal: {fileID: 100100000}
  m_GameObject: {fileID: 1000011527449102}
  m_LocalRotation: {x: 0, y: 0, z: 0, w: 1}
  m_LocalPosition: {x: -17.02, y: 0, z: 0}
  m_LocalScale: {x: 1, y: 1, z: 1}
  m_LocalEulerAnglesHint: {x: 0, y: 0, z: 0}
  m_Children:
  - {fileID: 4000013280731708}
  - {fileID: 4000013549380946}
  - {fileID: 4000010026448134}
  - {fileID: 4000014281527752}
  - {fileID: 4000010555352030}
  - {fileID: 4000010995681358}
  - {fileID: 4000011448340580}
  m_Father: {fileID: 0}
  m_RootOrder: 0
--- !u!4 &4000013271829074
Transform:
  m_ObjectHideFlags: 1
  m_PrefabParentObject: {fileID: 0}
  m_PrefabInternal: {fileID: 100100000}
  m_GameObject: {fileID: 1000012820452486}
  m_LocalRotation: {x: 0.5078616, y: -0.013677948, z: 0.0154854115, w: 0.8611909}
  m_LocalPosition: {x: -4.2551445e-11, y: 0.48065343, z: 9.935366e-10}
  m_LocalScale: {x: 1, y: 1, z: 1}
  m_LocalEulerAnglesHint: {x: 0, y: 0, z: 0}
  m_Children:
  - {fileID: 4000013401779900}
  m_Father: {fileID: 4000013904882672}
  m_RootOrder: 0
--- !u!4 &4000013280731708
Transform:
  m_ObjectHideFlags: 1
  m_PrefabParentObject: {fileID: 0}
  m_PrefabInternal: {fileID: 100100000}
  m_GameObject: {fileID: 1000011863445686}
  m_LocalRotation: {x: 0, y: -0, z: -0, w: 1}
  m_LocalPosition: {x: -0, y: 0, z: 0}
  m_LocalScale: {x: 1, y: 1, z: 1}
  m_LocalEulerAnglesHint: {x: 0, y: 0, z: 0}
  m_Children: []
  m_Father: {fileID: 4000013195101906}
  m_RootOrder: 0
--- !u!4 &4000013379741292
Transform:
  m_ObjectHideFlags: 1
  m_PrefabParentObject: {fileID: 0}
  m_PrefabInternal: {fileID: 100100000}
  m_GameObject: {fileID: 1000010837076968}
  m_LocalRotation: {x: 0.5202128, y: 0.012999423, z: -0.015173605, w: 0.8538029}
  m_LocalPosition: {x: -2.889294e-11, y: 0.4806281, z: 0.0000000012140617}
  m_LocalScale: {x: 1, y: 1, z: 1}
  m_LocalEulerAnglesHint: {x: 0, y: 0, z: 0}
  m_Children:
  - {fileID: 4000011070489804}
  m_Father: {fileID: 4000010256868926}
  m_RootOrder: 0
--- !u!4 &4000013401779900
Transform:
  m_ObjectHideFlags: 1
  m_PrefabParentObject: {fileID: 0}
  m_PrefabInternal: {fileID: 100100000}
  m_GameObject: {fileID: 1000011585833130}
  m_LocalRotation: {x: 0.27198428, y: -0.04760119, z: 0.013471774, w: 0.96102923}
  m_LocalPosition: {x: 2.5795752e-10, y: 0.124392375, z: 0.0000000025329154}
  m_LocalScale: {x: 1, y: 1, z: 1}
  m_LocalEulerAnglesHint: {x: 0, y: 0, z: 0}
  m_Children:
  - {fileID: 4000012773397368}
  m_Father: {fileID: 4000013271829074}
  m_RootOrder: 0
--- !u!4 &4000013427593384
Transform:
  m_ObjectHideFlags: 1
  m_PrefabParentObject: {fileID: 0}
  m_PrefabInternal: {fileID: 100100000}
  m_GameObject: {fileID: 1000010108259662}
  m_LocalRotation: {x: -0.008386253, y: 0.00009342506, z: 0.053941455, w: 0.99850893}
  m_LocalPosition: {x: -0.02896999, y: 0.08058534, z: -0.0015228828}
  m_LocalScale: {x: 1, y: 1, z: 1}
  m_LocalEulerAnglesHint: {x: 0, y: 0, z: 0}
  m_Children:
  - {fileID: 4000012588876844}
  m_Father: {fileID: 4000011233526352}
  m_RootOrder: 0
--- !u!4 &4000013549380946
Transform:
  m_ObjectHideFlags: 1
  m_PrefabParentObject: {fileID: 0}
  m_PrefabInternal: {fileID: 100100000}
  m_GameObject: {fileID: 1000012574314152}
  m_LocalRotation: {x: 0, y: -0, z: -0, w: 1}
  m_LocalPosition: {x: -0, y: 0, z: 0}
  m_LocalScale: {x: 1, y: 1, z: 1}
  m_LocalEulerAnglesHint: {x: 0, y: 0, z: 0}
  m_Children: []
  m_Father: {fileID: 4000013195101906}
  m_RootOrder: 1
--- !u!4 &4000013551059094
Transform:
  m_ObjectHideFlags: 1
  m_PrefabParentObject: {fileID: 0}
  m_PrefabInternal: {fileID: 100100000}
  m_GameObject: {fileID: 1000010950359012}
  m_LocalRotation: {x: 0, y: -0, z: -0, w: 1}
  m_LocalPosition: {x: -0.00022787748, y: 0.021438967, z: 1.995545e-11}
  m_LocalScale: {x: 1, y: 1, z: 1}
  m_LocalEulerAnglesHint: {x: 0, y: 0, z: 0}
  m_Children: []
  m_Father: {fileID: 4000011830381446}
  m_RootOrder: 0
--- !u!4 &4000013815017746
Transform:
  m_ObjectHideFlags: 1
  m_PrefabParentObject: {fileID: 0}
  m_PrefabInternal: {fileID: 100100000}
  m_GameObject: {fileID: 1000011320082078}
  m_LocalRotation: {x: 0, y: -0, z: -0, w: 1}
  m_LocalPosition: {x: -0.00019755823, y: 0.015473274, z: -1.2763053e-11}
  m_LocalScale: {x: 1, y: 1, z: 1}
  m_LocalEulerAnglesHint: {x: 0, y: 0, z: 0}
  m_Children: []
  m_Father: {fileID: 4000011709054712}
  m_RootOrder: 0
--- !u!4 &4000013904882672
Transform:
  m_ObjectHideFlags: 1
  m_PrefabParentObject: {fileID: 0}
  m_PrefabInternal: {fileID: 100100000}
  m_GameObject: {fileID: 1000012643096420}
  m_LocalRotation: {x: -0.02876881, y: 0.000038292954, z: 0.0021867813, w: 0.9995837}
  m_LocalPosition: {x: 1.2084062e-10, y: 0.47015893, z: 7.139169e-10}
  m_LocalScale: {x: 1, y: 1, z: 1}
  m_LocalEulerAnglesHint: {x: 0, y: 0, z: 0}
  m_Children:
  - {fileID: 4000013271829074}
  m_Father: {fileID: 4000014227603858}
  m_RootOrder: 0
--- !u!4 &4000014021704864
Transform:
  m_ObjectHideFlags: 1
  m_PrefabParentObject: {fileID: 0}
  m_PrefabInternal: {fileID: 100100000}
  m_GameObject: {fileID: 1000010457761540}
  m_LocalRotation: {x: 0.0006179098, y: 0.0013542724, z: 0.99999803, w: -0.0013440023}
  m_LocalPosition: {x: 0.07433041, y: -0.04778183, z: -0.0048144064}
  m_LocalScale: {x: 1, y: 1, z: 1}
  m_LocalEulerAnglesHint: {x: 0, y: 0, z: 0}
  m_Children:
  - {fileID: 4000010256868926}
  m_Father: {fileID: 4000010555352030}
  m_RootOrder: 1
--- !u!4 &4000014227603858
Transform:
  m_ObjectHideFlags: 1
  m_PrefabParentObject: {fileID: 0}
  m_PrefabInternal: {fileID: 100100000}
  m_GameObject: {fileID: 1000014269240494}
  m_LocalRotation: {x: -0.00061323866, y: 0.00077961996, z: 0.9999991, w: 0.00092898885}
  m_LocalPosition: {x: -0.07433041, y: -0.04778183, z: -0.008829853}
  m_LocalScale: {x: 1, y: 1, z: 1}
  m_LocalEulerAnglesHint: {x: 0, y: 0, z: 0}
  m_Children:
  - {fileID: 4000013904882672}
  m_Father: {fileID: 4000010555352030}
  m_RootOrder: 0
--- !u!4 &4000014281527752
Transform:
  m_ObjectHideFlags: 1
  m_PrefabParentObject: {fileID: 0}
  m_PrefabInternal: {fileID: 100100000}
  m_GameObject: {fileID: 1000013060106558}
  m_LocalRotation: {x: 0, y: -0, z: -0, w: 1}
  m_LocalPosition: {x: -0, y: 0, z: 0}
  m_LocalScale: {x: 1, y: 1, z: 1}
  m_LocalEulerAnglesHint: {x: 0, y: 0, z: 0}
  m_Children: []
  m_Father: {fileID: 4000013195101906}
  m_RootOrder: 3
--- !u!65 &65000010859678260
BoxCollider:
  m_ObjectHideFlags: 1
  m_PrefabParentObject: {fileID: 0}
  m_PrefabInternal: {fileID: 100100000}
  m_GameObject: {fileID: 1000011527449102}
  m_Material: {fileID: 0}
  m_IsTrigger: 1
  m_Enabled: 1
  serializedVersion: 2
  m_Size: {x: 0.5, y: 1.75, z: 0.5}
  m_Center: {x: 0, y: 1, z: 0}
--- !u!95 &95000012919470614
Animator:
  serializedVersion: 3
  m_ObjectHideFlags: 1
  m_PrefabParentObject: {fileID: 0}
  m_PrefabInternal: {fileID: 100100000}
  m_GameObject: {fileID: 1000011527449102}
  m_Enabled: 1
  m_Avatar: {fileID: 9000000, guid: 40655df6dfb664c42849894e4e6bcea6, type: 3}
  m_Controller: {fileID: 9100000, guid: 10ce29283d82be7479d24c6070216386, type: 2}
  m_CullingMode: 1
  m_UpdateMode: 0
  m_ApplyRootMotion: 1
  m_LinearVelocityBlending: 0
  m_WarningMessage: 
  m_HasTransformHierarchy: 1
  m_AllowConstantClipSamplingOptimization: 1
--- !u!114 &114000010896364924
MonoBehaviour:
  m_ObjectHideFlags: 1
  m_PrefabParentObject: {fileID: 0}
  m_PrefabInternal: {fileID: 100100000}
  m_GameObject: {fileID: 1000011527449102}
  m_Enabled: 1
  m_EditorHideFlags: 0
  m_Script: {fileID: 11500000, guid: 28f87224d4ca289499d8d633efd54b0d, type: 3}
  m_Name: 
  m_EditorClassIdentifier: 
--- !u!114 &114000014254414564
MonoBehaviour:
  m_ObjectHideFlags: 1
  m_PrefabParentObject: {fileID: 0}
  m_PrefabInternal: {fileID: 100100000}
  m_GameObject: {fileID: 1000011527449102}
  m_Enabled: 1
  m_EditorHideFlags: 0
  m_Script: {fileID: 11500000, guid: 4f33bc9c49b980545a6a7d0131b3e7f8, type: 3}
  m_Name: 
  m_EditorClassIdentifier: 
  headTransform: {fileID: 4000010992434704}
--- !u!137 &137000010232362682
SkinnedMeshRenderer:
  m_ObjectHideFlags: 1
  m_PrefabParentObject: {fileID: 0}
  m_PrefabInternal: {fileID: 100100000}
  m_GameObject: {fileID: 1000013530289442}
  m_Enabled: 1
  m_CastShadows: 1
  m_ReceiveShadows: 1
  m_MotionVectors: 1
  m_LightProbeUsage: 1
  m_ReflectionProbeUsage: 1
  m_Materials:
  - {fileID: 2100000, guid: 5d477b84828391f47a70f3627ffedf46, type: 2}
  m_SubsetIndices: 
  m_StaticBatchRoot: {fileID: 0}
  m_ProbeAnchor: {fileID: 0}
  m_LightProbeVolumeOverride: {fileID: 0}
  m_ScaleInLightmap: 1
  m_PreserveUVs: 0
  m_IgnoreNormalsForChartDetection: 0
  m_ImportantGI: 0
  m_SelectedWireframeHidden: 0
  m_MinimumChartSize: 4
  m_AutoUVMaxDistance: 0.5
  m_AutoUVMaxAngle: 89
  m_LightmapParameters: {fileID: 0}
  m_SortingLayerID: 0
  m_SortingOrder: 0
  serializedVersion: 2
  m_Quality: 0
  m_UpdateWhenOffscreen: 0
  m_SkinnedMotionVectors: 1
  m_Mesh: {fileID: 4300006, guid: 40655df6dfb664c42849894e4e6bcea6, type: 3}
  m_Bones:
  - {fileID: 4000013379741292}
  - {fileID: 4000011070489804}
  - {fileID: 4000010256868926}
  - {fileID: 4000014021704864}
  - {fileID: 4000013271829074}
  - {fileID: 4000013401779900}
  - {fileID: 4000013904882672}
  - {fileID: 4000014227603858}
  m_BlendShapeWeights: []
  m_RootBone: {fileID: 4000014227603858}
  m_AABB:
    m_Center: {x: -0.07601297, y: 0.99083686, z: 0.018903583}
    m_Extent: {x: 0.13837516, y: 0.12625435, z: 0.14095825}
  m_DirtyAABB: 0
--- !u!137 &137000010404876178
SkinnedMeshRenderer:
  m_ObjectHideFlags: 1
  m_PrefabParentObject: {fileID: 0}
  m_PrefabInternal: {fileID: 100100000}
  m_GameObject: {fileID: 1000012342149808}
  m_Enabled: 1
  m_CastShadows: 1
  m_ReceiveShadows: 1
  m_MotionVectors: 1
  m_LightProbeUsage: 1
  m_ReflectionProbeUsage: 1
  m_Materials:
  - {fileID: 2100000, guid: 56756cf910ff2a74a8789ae093fe0763, type: 2}
  m_SubsetIndices: 
  m_StaticBatchRoot: {fileID: 0}
  m_ProbeAnchor: {fileID: 0}
  m_LightProbeVolumeOverride: {fileID: 0}
  m_ScaleInLightmap: 1
  m_PreserveUVs: 0
  m_IgnoreNormalsForChartDetection: 0
  m_ImportantGI: 0
  m_SelectedWireframeHidden: 0
  m_MinimumChartSize: 4
  m_AutoUVMaxDistance: 0.5
  m_AutoUVMaxAngle: 89
  m_LightmapParameters: {fileID: 0}
  m_SortingLayerID: 0
  m_SortingOrder: 0
  serializedVersion: 2
  m_Quality: 0
  m_UpdateWhenOffscreen: 0
  m_SkinnedMotionVectors: 1
  m_Mesh: {fileID: 4300010, guid: 40655df6dfb664c42849894e4e6bcea6, type: 3}
  m_Bones:
  - {fileID: 4000012519202802}
  - {fileID: 4000011045652036}
  - {fileID: 4000012048639162}
  - {fileID: 4000011214008572}
  - {fileID: 4000011647740942}
  - {fileID: 4000011498139534}
  - {fileID: 4000010678005128}
  - {fileID: 4000012162012656}
  - {fileID: 4000010634433966}
  - {fileID: 4000011086365020}
  - {fileID: 4000011192803552}
  - {fileID: 4000011738947598}
  - {fileID: 4000010555352030}
  - {fileID: 4000014227603858}
  - {fileID: 4000014021704864}
  - {fileID: 4000010535873326}
  - {fileID: 4000012109633360}
  - {fileID: 4000010818813098}
  - {fileID: 4000010992434704}
  - {fileID: 4000011233526352}
  - {fileID: 4000011171719250}
  - {fileID: 4000012836180594}
  - {fileID: 4000012452436318}
  - {fileID: 4000013018526292}
  m_BlendShapeWeights: []
  m_RootBone: {fileID: 4000010555352030}
  m_AABB:
    m_Center: {x: -0.0053070188, y: 0.15051195, z: -0.011665285}
    m_Extent: {x: 0.7282468, y: 0.38536683, z: 0.14855316}
  m_DirtyAABB: 0
--- !u!137 &137000010709379784
SkinnedMeshRenderer:
  m_ObjectHideFlags: 1
  m_PrefabParentObject: {fileID: 0}
  m_PrefabInternal: {fileID: 100100000}
  m_GameObject: {fileID: 1000012914556234}
  m_Enabled: 1
  m_CastShadows: 1
  m_ReceiveShadows: 1
  m_MotionVectors: 1
  m_LightProbeUsage: 1
  m_ReflectionProbeUsage: 1
  m_Materials:
  - {fileID: 2100000, guid: 56756cf910ff2a74a8789ae093fe0763, type: 2}
  m_SubsetIndices: 
  m_StaticBatchRoot: {fileID: 0}
  m_ProbeAnchor: {fileID: 0}
  m_LightProbeVolumeOverride: {fileID: 0}
  m_ScaleInLightmap: 1
  m_PreserveUVs: 0
  m_IgnoreNormalsForChartDetection: 0
  m_ImportantGI: 0
  m_SelectedWireframeHidden: 0
  m_MinimumChartSize: 4
  m_AutoUVMaxDistance: 0.5
  m_AutoUVMaxAngle: 89
  m_LightmapParameters: {fileID: 0}
  m_SortingLayerID: 0
  m_SortingOrder: 0
  serializedVersion: 2
  m_Quality: 0
  m_UpdateWhenOffscreen: 0
  m_SkinnedMotionVectors: 1
  m_Mesh: {fileID: 4300002, guid: 40655df6dfb664c42849894e4e6bcea6, type: 3}
  m_Bones:
  - {fileID: 4000012519202802}
  - {fileID: 4000011045652036}
  - {fileID: 4000010678005128}
  - {fileID: 4000012048639162}
  - {fileID: 4000011214008572}
  - {fileID: 4000011602572304}
  - {fileID: 4000011498139534}
  - {fileID: 4000012571711904}
  - {fileID: 4000012671307168}
  - {fileID: 4000010317211082}
  - {fileID: 4000012095125780}
  - {fileID: 4000011725250460}
  - {fileID: 4000012966852410}
  - {fileID: 4000011142151976}
  - {fileID: 4000011449987036}
  - {fileID: 4000010967608140}
  - {fileID: 4000010339190804}
  - {fileID: 4000011647740942}
  - {fileID: 4000012109633360}
  - {fileID: 4000011233526352}
  - {fileID: 4000011171719250}
  - {fileID: 4000012836180594}
  - {fileID: 4000013018526292}
  - {fileID: 4000010420017306}
  - {fileID: 4000013427593384}
  - {fileID: 4000010974395352}
  - {fileID: 4000012828410904}
  - {fileID: 4000012588876844}
  - {fileID: 4000012452436318}
  - {fileID: 4000012159351426}
  - {fileID: 4000012629437404}
  - {fileID: 4000011709054712}
  - {fileID: 4000012140330726}
  - {fileID: 4000011909529328}
  - {fileID: 4000011830381446}
  - {fileID: 4000011738947598}
  m_BlendShapeWeights: []
  m_RootBone: {fileID: 4000011738947598}
  m_AABB:
    m_Center: {x: -0.017412044, y: -0.17113993, z: 0.015417248}
    m_Extent: {x: 0.083083846, y: 0.8549913, z: 0.06139063}
  m_DirtyAABB: 0
--- !u!137 &137000010960529214
SkinnedMeshRenderer:
  m_ObjectHideFlags: 1
  m_PrefabParentObject: {fileID: 0}
  m_PrefabInternal: {fileID: 100100000}
  m_GameObject: {fileID: 1000011863445686}
  m_Enabled: 1
  m_CastShadows: 1
  m_ReceiveShadows: 1
  m_MotionVectors: 1
  m_LightProbeUsage: 1
  m_ReflectionProbeUsage: 1
  m_Materials:
  - {fileID: 2100000, guid: faa09e5b9c7dabc45bf2814158168e2a, type: 2}
  m_SubsetIndices: 
  m_StaticBatchRoot: {fileID: 0}
  m_ProbeAnchor: {fileID: 0}
  m_LightProbeVolumeOverride: {fileID: 0}
  m_ScaleInLightmap: 1
  m_PreserveUVs: 0
  m_IgnoreNormalsForChartDetection: 0
  m_ImportantGI: 0
  m_SelectedWireframeHidden: 0
  m_MinimumChartSize: 4
  m_AutoUVMaxDistance: 0.5
  m_AutoUVMaxAngle: 89
  m_LightmapParameters: {fileID: 0}
  m_SortingLayerID: 0
  m_SortingOrder: 0
  serializedVersion: 2
  m_Quality: 0
  m_UpdateWhenOffscreen: 0
  m_SkinnedMotionVectors: 1
  m_Mesh: {fileID: 4300000, guid: 40655df6dfb664c42849894e4e6bcea6, type: 3}
  m_Bones:
  - {fileID: 4000014227603858}
  - {fileID: 4000013904882672}
  - {fileID: 4000013271829074}
  - {fileID: 4000013401779900}
  - {fileID: 4000013379741292}
  - {fileID: 4000010256868926}
  - {fileID: 4000011070489804}
  - {fileID: 4000014021704864}
  - {fileID: 4000010818813098}
  - {fileID: 4000010992434704}
  - {fileID: 4000012162012656}
  - {fileID: 4000011086365020}
  - {fileID: 4000011647740942}
  - {fileID: 4000011192803552}
  m_BlendShapeWeights: []
  m_RootBone: {fileID: 4000012162012656}
  m_AABB:
    m_Center: {x: -0.00024931878, y: -0.48795444, z: -0.008634619}
    m_Extent: {x: 0.1073563, y: 0.8496707, z: 0.20599407}
  m_DirtyAABB: 0
--- !u!137 &137000011060717238
SkinnedMeshRenderer:
  m_ObjectHideFlags: 1
  m_PrefabParentObject: {fileID: 0}
  m_PrefabInternal: {fileID: 100100000}
  m_GameObject: {fileID: 1000013060106558}
  m_Enabled: 1
  m_CastShadows: 1
  m_ReceiveShadows: 1
  m_MotionVectors: 1
  m_LightProbeUsage: 1
  m_ReflectionProbeUsage: 1
  m_Materials:
  - {fileID: 2100000, guid: 56756cf910ff2a74a8789ae093fe0763, type: 2}
  m_SubsetIndices: 
  m_StaticBatchRoot: {fileID: 0}
  m_ProbeAnchor: {fileID: 0}
  m_LightProbeVolumeOverride: {fileID: 0}
  m_ScaleInLightmap: 1
  m_PreserveUVs: 0
  m_IgnoreNormalsForChartDetection: 0
  m_ImportantGI: 0
  m_SelectedWireframeHidden: 0
  m_MinimumChartSize: 4
  m_AutoUVMaxDistance: 0.5
  m_AutoUVMaxAngle: 89
  m_LightmapParameters: {fileID: 0}
  m_SortingLayerID: 0
  m_SortingOrder: 0
  serializedVersion: 2
  m_Quality: 0
  m_UpdateWhenOffscreen: 0
  m_SkinnedMotionVectors: 1
  m_Mesh: {fileID: 4300008, guid: 40655df6dfb664c42849894e4e6bcea6, type: 3}
  m_Bones:
  - {fileID: 4000010992434704}
  m_BlendShapeWeights: []
  m_RootBone: {fileID: 4000010992434704}
  m_AABB:
    m_Center: {x: 0.0011931211, y: 0.20230776, z: 0.0534399}
    m_Extent: {x: 0.16388121, y: 0.11206764, z: 0.1587512}
  m_DirtyAABB: 0
--- !u!137 &137000012046786354
SkinnedMeshRenderer:
  m_ObjectHideFlags: 1
  m_PrefabParentObject: {fileID: 0}
  m_PrefabInternal: {fileID: 100100000}
  m_GameObject: {fileID: 1000012574314152}
  m_Enabled: 1
  m_CastShadows: 1
  m_ReceiveShadows: 1
  m_MotionVectors: 1
  m_LightProbeUsage: 1
  m_ReflectionProbeUsage: 1
  m_Materials:
  - {fileID: 2100000, guid: 56756cf910ff2a74a8789ae093fe0763, type: 2}
  m_SubsetIndices: 
  m_StaticBatchRoot: {fileID: 0}
  m_ProbeAnchor: {fileID: 0}
  m_LightProbeVolumeOverride: {fileID: 0}
  m_ScaleInLightmap: 1
  m_PreserveUVs: 0
  m_IgnoreNormalsForChartDetection: 0
  m_ImportantGI: 0
  m_SelectedWireframeHidden: 0
  m_MinimumChartSize: 4
  m_AutoUVMaxDistance: 0.5
  m_AutoUVMaxAngle: 89
  m_LightmapParameters: {fileID: 0}
  m_SortingLayerID: 0
  m_SortingOrder: 0
  serializedVersion: 2
  m_Quality: 0
  m_UpdateWhenOffscreen: 0
  m_SkinnedMotionVectors: 1
  m_Mesh: {fileID: 4300004, guid: 40655df6dfb664c42849894e4e6bcea6, type: 3}
  m_Bones:
  - {fileID: 4000010555352030}
  - {fileID: 4000014227603858}
  - {fileID: 4000014021704864}
  - {fileID: 4000013904882672}
  - {fileID: 4000013271829074}
  - {fileID: 4000013401779900}
  - {fileID: 4000010256868926}
  - {fileID: 4000013379741292}
  - {fileID: 4000011070489804}
  m_BlendShapeWeights: []
  m_RootBone: {fileID: 4000010555352030}
  m_AABB:
    m_Center: {x: 0.0012445599, y: -0.53887165, z: -0.041768335}
    m_Extent: {x: 0.18423663, y: 0.5429485, z: 0.22852662}
  m_DirtyAABB: 0
