%YAML 1.1
%TAG !u! tag:unity3d.com,2011:
--- !u!1001 &100100000
Prefab:
  m_ObjectHideFlags: 1
  serializedVersion: 2
  m_Modification:
    m_TransformParent: {fileID: 0}
    m_Modifications: []
    m_RemovedComponents: []
  m_ParentPrefab: {fileID: 0}
  m_RootGameObject: {fileID: 1000014173850726}
  m_IsPrefabParent: 1
--- !u!1 &1000010032062734
GameObject:
  m_ObjectHideFlags: 1
  m_PrefabParentObject: {fileID: 0}
  m_PrefabInternal: {fileID: 100100000}
  serializedVersion: 4
  m_Component:
  - 4: {fileID: 4000011173578120}
  m_Layer: 0
  m_Name: Male1:Neck
  m_TagString: Untagged
  m_Icon: {fileID: 0}
  m_NavMeshLayer: 0
  m_StaticEditorFlags: 0
  m_IsActive: 1
--- !u!1 &1000010043524154
GameObject:
  m_ObjectHideFlags: 1
  m_PrefabParentObject: {fileID: 0}
  m_PrefabInternal: {fileID: 100100000}
  serializedVersion: 4
  m_Component:
  - 4: {fileID: 4000012042989966}
  m_Layer: 0
  m_Name: Male1:LeftHandThumb2
  m_TagString: Untagged
  m_Icon: {fileID: 0}
  m_NavMeshLayer: 0
  m_StaticEditorFlags: 0
  m_IsActive: 1
--- !u!1 &1000010068164530
GameObject:
  m_ObjectHideFlags: 1
  m_PrefabParentObject: {fileID: 0}
  m_PrefabInternal: {fileID: 100100000}
  serializedVersion: 4
  m_Component:
  - 4: {fileID: 4000011031913692}
  m_Layer: 0
  m_Name: Male1:RightHandPinky1
  m_TagString: Untagged
  m_Icon: {fileID: 0}
  m_NavMeshLayer: 0
  m_StaticEditorFlags: 0
  m_IsActive: 1
--- !u!1 &1000010086737706
GameObject:
  m_ObjectHideFlags: 0
  m_PrefabParentObject: {fileID: 0}
  m_PrefabInternal: {fileID: 100100000}
  serializedVersion: 4
  m_Component:
  - 4: {fileID: 4000012459903998}
  - 137: {fileID: 137000012085615372}
  m_Layer: 0
  m_Name: Male1:Hats
  m_TagString: Untagged
  m_Icon: {fileID: 0}
  m_NavMeshLayer: 0
  m_StaticEditorFlags: 0
  m_IsActive: 1
--- !u!1 &1000010099625620
GameObject:
  m_ObjectHideFlags: 1
  m_PrefabParentObject: {fileID: 0}
  m_PrefabInternal: {fileID: 100100000}
  serializedVersion: 4
  m_Component:
  - 4: {fileID: 4000011879248082}
  m_Layer: 0
  m_Name: Male1:Spine2
  m_TagString: Untagged
  m_Icon: {fileID: 0}
  m_NavMeshLayer: 0
  m_StaticEditorFlags: 0
  m_IsActive: 1
--- !u!1 &1000010108277646
GameObject:
  m_ObjectHideFlags: 1
  m_PrefabParentObject: {fileID: 0}
  m_PrefabInternal: {fileID: 100100000}
  serializedVersion: 4
  m_Component:
  - 4: {fileID: 4000012029641494}
  m_Layer: 0
  m_Name: Male1:LeftHandRing1
  m_TagString: Untagged
  m_Icon: {fileID: 0}
  m_NavMeshLayer: 0
  m_StaticEditorFlags: 0
  m_IsActive: 1
--- !u!1 &1000010140341692
GameObject:
  m_ObjectHideFlags: 1
  m_PrefabParentObject: {fileID: 0}
  m_PrefabInternal: {fileID: 100100000}
  serializedVersion: 4
  m_Component:
  - 4: {fileID: 4000012536452892}
  m_Layer: 0
  m_Name: Male1:LeftHandPinky2
  m_TagString: Untagged
  m_Icon: {fileID: 0}
  m_NavMeshLayer: 0
  m_StaticEditorFlags: 0
  m_IsActive: 1
--- !u!1 &1000010266029050
GameObject:
  m_ObjectHideFlags: 1
  m_PrefabParentObject: {fileID: 0}
  m_PrefabInternal: {fileID: 100100000}
  serializedVersion: 4
  m_Component:
  - 4: {fileID: 4000010079429918}
  m_Layer: 0
  m_Name: Male1:RightForeArm
  m_TagString: Untagged
  m_Icon: {fileID: 0}
  m_NavMeshLayer: 0
  m_StaticEditorFlags: 0
  m_IsActive: 1
--- !u!1 &1000010356123302
GameObject:
  m_ObjectHideFlags: 1
  m_PrefabParentObject: {fileID: 0}
  m_PrefabInternal: {fileID: 100100000}
  serializedVersion: 4
  m_Component:
  - 4: {fileID: 4000010483009998}
  m_Layer: 0
  m_Name: Male1:RightArm
  m_TagString: Untagged
  m_Icon: {fileID: 0}
  m_NavMeshLayer: 0
  m_StaticEditorFlags: 0
  m_IsActive: 1
--- !u!1 &1000010473343810
GameObject:
  m_ObjectHideFlags: 1
  m_PrefabParentObject: {fileID: 0}
  m_PrefabInternal: {fileID: 100100000}
  serializedVersion: 4
  m_Component:
  - 4: {fileID: 4000012812628616}
  m_Layer: 0
  m_Name: Male1:LeftUpLeg
  m_TagString: Untagged
  m_Icon: {fileID: 0}
  m_NavMeshLayer: 0
  m_StaticEditorFlags: 0
  m_IsActive: 1
--- !u!1 &1000010516568988
GameObject:
  m_ObjectHideFlags: 1
  m_PrefabParentObject: {fileID: 0}
  m_PrefabInternal: {fileID: 100100000}
  serializedVersion: 4
  m_Component:
  - 4: {fileID: 4000014186217068}
  m_Layer: 0
  m_Name: Male1:LeftHandThumb4
  m_TagString: Untagged
  m_Icon: {fileID: 0}
  m_NavMeshLayer: 0
  m_StaticEditorFlags: 0
  m_IsActive: 1
--- !u!1 &1000010521708718
GameObject:
  m_ObjectHideFlags: 1
  m_PrefabParentObject: {fileID: 0}
  m_PrefabInternal: {fileID: 100100000}
  serializedVersion: 4
  m_Component:
  - 4: {fileID: 4000012305481208}
  m_Layer: 0
  m_Name: Male1:RightHandThumb4
  m_TagString: Untagged
  m_Icon: {fileID: 0}
  m_NavMeshLayer: 0
  m_StaticEditorFlags: 0
  m_IsActive: 1
--- !u!1 &1000010552508858
GameObject:
  m_ObjectHideFlags: 1
  m_PrefabParentObject: {fileID: 0}
  m_PrefabInternal: {fileID: 100100000}
  serializedVersion: 4
  m_Component:
  - 4: {fileID: 4000011556628574}
  m_Layer: 0
  m_Name: Male1:RightHandIndex2
  m_TagString: Untagged
  m_Icon: {fileID: 0}
  m_NavMeshLayer: 0
  m_StaticEditorFlags: 0
  m_IsActive: 1
--- !u!1 &1000010554709690
GameObject:
  m_ObjectHideFlags: 1
  m_PrefabParentObject: {fileID: 0}
  m_PrefabInternal: {fileID: 100100000}
  serializedVersion: 4
  m_Component:
  - 4: {fileID: 4000013315127380}
  m_Layer: 0
  m_Name: Male1:LeftForeArm
  m_TagString: Untagged
  m_Icon: {fileID: 0}
  m_NavMeshLayer: 0
  m_StaticEditorFlags: 0
  m_IsActive: 1
--- !u!1 &1000010608832404
GameObject:
  m_ObjectHideFlags: 1
  m_PrefabParentObject: {fileID: 0}
  m_PrefabInternal: {fileID: 100100000}
  serializedVersion: 4
  m_Component:
  - 4: {fileID: 4000014131206968}
  m_Layer: 0
  m_Name: Male1:LeftHandThumb3
  m_TagString: Untagged
  m_Icon: {fileID: 0}
  m_NavMeshLayer: 0
  m_StaticEditorFlags: 0
  m_IsActive: 1
--- !u!1 &1000010739834614
GameObject:
  m_ObjectHideFlags: 1
  m_PrefabParentObject: {fileID: 0}
  m_PrefabInternal: {fileID: 100100000}
  serializedVersion: 4
  m_Component:
  - 4: {fileID: 4000012690863072}
  m_Layer: 0
  m_Name: Male1:RightHandMiddle4
  m_TagString: Untagged
  m_Icon: {fileID: 0}
  m_NavMeshLayer: 0
  m_StaticEditorFlags: 0
  m_IsActive: 1
--- !u!1 &1000010821423896
GameObject:
  m_ObjectHideFlags: 0
  m_PrefabParentObject: {fileID: 0}
  m_PrefabInternal: {fileID: 100100000}
  serializedVersion: 4
  m_Component:
  - 4: {fileID: 4000012695793496}
  - 137: {fileID: 137000011342733444}
  m_Layer: 0
  m_Name: Male1:Gloves
  m_TagString: Untagged
  m_Icon: {fileID: 0}
  m_NavMeshLayer: 0
  m_StaticEditorFlags: 0
  m_IsActive: 1
--- !u!1 &1000010841743870
GameObject:
  m_ObjectHideFlags: 1
  m_PrefabParentObject: {fileID: 0}
  m_PrefabInternal: {fileID: 100100000}
  serializedVersion: 4
  m_Component:
  - 4: {fileID: 4000011533311090}
  m_Layer: 0
  m_Name: Male1:LeftHandIndex3
  m_TagString: Untagged
  m_Icon: {fileID: 0}
  m_NavMeshLayer: 0
  m_StaticEditorFlags: 0
  m_IsActive: 1
--- !u!1 &1000010869818138
GameObject:
  m_ObjectHideFlags: 1
  m_PrefabParentObject: {fileID: 0}
  m_PrefabInternal: {fileID: 100100000}
  serializedVersion: 4
  m_Component:
  - 4: {fileID: 4000010855795220}
  m_Layer: 0
  m_Name: Male1:RightLeg
  m_TagString: Untagged
  m_Icon: {fileID: 0}
  m_NavMeshLayer: 0
  m_StaticEditorFlags: 0
  m_IsActive: 1
--- !u!1 &1000010876777256
GameObject:
  m_ObjectHideFlags: 1
  m_PrefabParentObject: {fileID: 0}
  m_PrefabInternal: {fileID: 100100000}
  serializedVersion: 4
  m_Component:
  - 4: {fileID: 4000011599956670}
  m_Layer: 0
  m_Name: Male1:RightHandIndex1
  m_TagString: Untagged
  m_Icon: {fileID: 0}
  m_NavMeshLayer: 0
  m_StaticEditorFlags: 0
  m_IsActive: 1
--- !u!1 &1000011030678764
GameObject:
  m_ObjectHideFlags: 1
  m_PrefabParentObject: {fileID: 0}
  m_PrefabInternal: {fileID: 100100000}
  serializedVersion: 4
  m_Component:
  - 4: {fileID: 4000011003785136}
  m_Layer: 0
  m_Name: Male1:LeftHandPinky4
  m_TagString: Untagged
  m_Icon: {fileID: 0}
  m_NavMeshLayer: 0
  m_StaticEditorFlags: 0
  m_IsActive: 1
--- !u!1 &1000011059457438
GameObject:
  m_ObjectHideFlags: 1
  m_PrefabParentObject: {fileID: 0}
  m_PrefabInternal: {fileID: 100100000}
  serializedVersion: 4
  m_Component:
  - 4: {fileID: 4000011865128640}
  m_Layer: 0
  m_Name: Male1:RightToeBase
  m_TagString: Untagged
  m_Icon: {fileID: 0}
  m_NavMeshLayer: 0
  m_StaticEditorFlags: 0
  m_IsActive: 1
--- !u!1 &1000011099772586
GameObject:
  m_ObjectHideFlags: 1
  m_PrefabParentObject: {fileID: 0}
  m_PrefabInternal: {fileID: 100100000}
  serializedVersion: 4
  m_Component:
  - 4: {fileID: 4000014098453352}
  m_Layer: 0
  m_Name: Male1:RightShoulder
  m_TagString: Untagged
  m_Icon: {fileID: 0}
  m_NavMeshLayer: 0
  m_StaticEditorFlags: 0
  m_IsActive: 1
--- !u!1 &1000011143586924
GameObject:
  m_ObjectHideFlags: 1
  m_PrefabParentObject: {fileID: 0}
  m_PrefabInternal: {fileID: 100100000}
  serializedVersion: 4
  m_Component:
  - 4: {fileID: 4000011604187932}
  m_Layer: 0
  m_Name: Male1:RightHandMiddle2
  m_TagString: Untagged
  m_Icon: {fileID: 0}
  m_NavMeshLayer: 0
  m_StaticEditorFlags: 0
  m_IsActive: 1
--- !u!1 &1000011175992890
GameObject:
  m_ObjectHideFlags: 1
  m_PrefabParentObject: {fileID: 0}
  m_PrefabInternal: {fileID: 100100000}
  serializedVersion: 4
  m_Component:
  - 4: {fileID: 4000012314102554}
  m_Layer: 0
  m_Name: Male1:LeftHandMiddle3
  m_TagString: Untagged
  m_Icon: {fileID: 0}
  m_NavMeshLayer: 0
  m_StaticEditorFlags: 0
  m_IsActive: 1
--- !u!1 &1000011220133818
GameObject:
  m_ObjectHideFlags: 1
  m_PrefabParentObject: {fileID: 0}
  m_PrefabInternal: {fileID: 100100000}
  serializedVersion: 4
  m_Component:
  - 4: {fileID: 4000011588381460}
  m_Layer: 0
  m_Name: Male1:LeftHandMiddle4
  m_TagString: Untagged
  m_Icon: {fileID: 0}
  m_NavMeshLayer: 0
  m_StaticEditorFlags: 0
  m_IsActive: 1
--- !u!1 &1000011346542856
GameObject:
  m_ObjectHideFlags: 1
  m_PrefabParentObject: {fileID: 0}
  m_PrefabInternal: {fileID: 100100000}
  serializedVersion: 4
  m_Component:
  - 4: {fileID: 4000013481510596}
  m_Layer: 0
  m_Name: Male1:RightHandPinky2
  m_TagString: Untagged
  m_Icon: {fileID: 0}
  m_NavMeshLayer: 0
  m_StaticEditorFlags: 0
  m_IsActive: 1
--- !u!1 &1000011352818390
GameObject:
  m_ObjectHideFlags: 1
  m_PrefabParentObject: {fileID: 0}
  m_PrefabInternal: {fileID: 100100000}
  serializedVersion: 4
  m_Component:
  - 4: {fileID: 4000011132332346}
  m_Layer: 0
  m_Name: Male1:RightFoot
  m_TagString: Untagged
  m_Icon: {fileID: 0}
  m_NavMeshLayer: 0
  m_StaticEditorFlags: 0
  m_IsActive: 1
--- !u!1 &1000011437593570
GameObject:
  m_ObjectHideFlags: 0
  m_PrefabParentObject: {fileID: 0}
  m_PrefabInternal: {fileID: 100100000}
  serializedVersion: 4
  m_Component:
  - 4: {fileID: 4000013444618894}
  - 137: {fileID: 137000013472028622}
  m_Layer: 0
  m_Name: Male1:Tops
  m_TagString: Untagged
  m_Icon: {fileID: 0}
  m_NavMeshLayer: 0
  m_StaticEditorFlags: 0
  m_IsActive: 1
--- !u!1 &1000011464010464
GameObject:
  m_ObjectHideFlags: 1
  m_PrefabParentObject: {fileID: 0}
  m_PrefabInternal: {fileID: 100100000}
  serializedVersion: 4
  m_Component:
  - 4: {fileID: 4000014155572814}
  m_Layer: 0
  m_Name: Male1:RightHand
  m_TagString: Untagged
  m_Icon: {fileID: 0}
  m_NavMeshLayer: 0
  m_StaticEditorFlags: 0
  m_IsActive: 1
--- !u!1 &1000011491603184
GameObject:
  m_ObjectHideFlags: 1
  m_PrefabParentObject: {fileID: 0}
  m_PrefabInternal: {fileID: 100100000}
  serializedVersion: 4
  m_Component:
  - 4: {fileID: 4000014065938236}
  m_Layer: 0
  m_Name: Male1:Head
  m_TagString: Untagged
  m_Icon: {fileID: 0}
  m_NavMeshLayer: 0
  m_StaticEditorFlags: 0
  m_IsActive: 1
--- !u!1 &1000011514335584
GameObject:
  m_ObjectHideFlags: 1
  m_PrefabParentObject: {fileID: 0}
  m_PrefabInternal: {fileID: 100100000}
  serializedVersion: 4
  m_Component:
  - 4: {fileID: 4000014038490936}
  m_Layer: 0
  m_Name: Male1:LeftHandRing2
  m_TagString: Untagged
  m_Icon: {fileID: 0}
  m_NavMeshLayer: 0
  m_StaticEditorFlags: 0
  m_IsActive: 1
--- !u!1 &1000011566328690
GameObject:
  m_ObjectHideFlags: 1
  m_PrefabParentObject: {fileID: 0}
  m_PrefabInternal: {fileID: 100100000}
  serializedVersion: 4
  m_Component:
  - 4: {fileID: 4000012807819716}
  m_Layer: 0
  m_Name: Male1:LeftHandMiddle2
  m_TagString: Untagged
  m_Icon: {fileID: 0}
  m_NavMeshLayer: 0
  m_StaticEditorFlags: 0
  m_IsActive: 1
--- !u!1 &1000011576668942
GameObject:
  m_ObjectHideFlags: 1
  m_PrefabParentObject: {fileID: 0}
  m_PrefabInternal: {fileID: 100100000}
  serializedVersion: 4
  m_Component:
  - 4: {fileID: 4000012434602662}
  m_Layer: 0
  m_Name: Male1:RightHandThumb2
  m_TagString: Untagged
  m_Icon: {fileID: 0}
  m_NavMeshLayer: 0
  m_StaticEditorFlags: 0
  m_IsActive: 1
--- !u!1 &1000011581107868
GameObject:
  m_ObjectHideFlags: 1
  m_PrefabParentObject: {fileID: 0}
  m_PrefabInternal: {fileID: 100100000}
  serializedVersion: 4
  m_Component:
  - 4: {fileID: 4000011532138344}
  m_Layer: 0
  m_Name: Male1:RightToe_End
  m_TagString: Untagged
  m_Icon: {fileID: 0}
  m_NavMeshLayer: 0
  m_StaticEditorFlags: 0
  m_IsActive: 1
--- !u!1 &1000011654405864
GameObject:
  m_ObjectHideFlags: 1
  m_PrefabParentObject: {fileID: 0}
  m_PrefabInternal: {fileID: 100100000}
  serializedVersion: 4
  m_Component:
  - 4: {fileID: 4000010081754590}
  m_Layer: 0
  m_Name: Male1:RightHandRing2
  m_TagString: Untagged
  m_Icon: {fileID: 0}
  m_NavMeshLayer: 0
  m_StaticEditorFlags: 0
  m_IsActive: 1
--- !u!1 &1000011676207870
GameObject:
  m_ObjectHideFlags: 1
  m_PrefabParentObject: {fileID: 0}
  m_PrefabInternal: {fileID: 100100000}
  serializedVersion: 4
  m_Component:
  - 4: {fileID: 4000011896472956}
  m_Layer: 0
  m_Name: Male1:RightHandRing3
  m_TagString: Untagged
  m_Icon: {fileID: 0}
  m_NavMeshLayer: 0
  m_StaticEditorFlags: 0
  m_IsActive: 1
--- !u!1 &1000011715177492
GameObject:
  m_ObjectHideFlags: 1
  m_PrefabParentObject: {fileID: 0}
  m_PrefabInternal: {fileID: 100100000}
  serializedVersion: 4
  m_Component:
  - 4: {fileID: 4000013158654834}
  m_Layer: 0
  m_Name: Male1:LeftToe_End
  m_TagString: Untagged
  m_Icon: {fileID: 0}
  m_NavMeshLayer: 0
  m_StaticEditorFlags: 0
  m_IsActive: 1
--- !u!1 &1000011838650114
GameObject:
  m_ObjectHideFlags: 1
  m_PrefabParentObject: {fileID: 0}
  m_PrefabInternal: {fileID: 100100000}
  serializedVersion: 4
  m_Component:
  - 4: {fileID: 4000014104824982}
  m_Layer: 0
  m_Name: Male1:LeftHand
  m_TagString: Untagged
  m_Icon: {fileID: 0}
  m_NavMeshLayer: 0
  m_StaticEditorFlags: 0
  m_IsActive: 1
--- !u!1 &1000011846557920
GameObject:
  m_ObjectHideFlags: 1
  m_PrefabParentObject: {fileID: 0}
  m_PrefabInternal: {fileID: 100100000}
  serializedVersion: 4
  m_Component:
  - 4: {fileID: 4000013081269668}
  m_Layer: 0
  m_Name: Male1:LeftToeBase
  m_TagString: Untagged
  m_Icon: {fileID: 0}
  m_NavMeshLayer: 0
  m_StaticEditorFlags: 0
  m_IsActive: 1
--- !u!1 &1000011898711574
GameObject:
  m_ObjectHideFlags: 1
  m_PrefabParentObject: {fileID: 0}
  m_PrefabInternal: {fileID: 100100000}
  serializedVersion: 4
  m_Component:
  - 4: {fileID: 4000011890678122}
  m_Layer: 0
  m_Name: Male1:RightUpLeg
  m_TagString: Untagged
  m_Icon: {fileID: 0}
  m_NavMeshLayer: 0
  m_StaticEditorFlags: 0
  m_IsActive: 1
--- !u!1 &1000011926475318
GameObject:
  m_ObjectHideFlags: 1
  m_PrefabParentObject: {fileID: 0}
  m_PrefabInternal: {fileID: 100100000}
  serializedVersion: 4
  m_Component:
  - 4: {fileID: 4000011584293526}
  m_Layer: 0
  m_Name: Male1:RightHandIndex3
  m_TagString: Untagged
  m_Icon: {fileID: 0}
  m_NavMeshLayer: 0
  m_StaticEditorFlags: 0
  m_IsActive: 1
--- !u!1 &1000011967775320
GameObject:
  m_ObjectHideFlags: 1
  m_PrefabParentObject: {fileID: 0}
  m_PrefabInternal: {fileID: 100100000}
  serializedVersion: 4
  m_Component:
  - 4: {fileID: 4000013841618812}
  m_Layer: 0
  m_Name: Male1:LeftHandIndex4
  m_TagString: Untagged
  m_Icon: {fileID: 0}
  m_NavMeshLayer: 0
  m_StaticEditorFlags: 0
  m_IsActive: 1
--- !u!1 &1000011974032314
GameObject:
  m_ObjectHideFlags: 1
  m_PrefabParentObject: {fileID: 0}
  m_PrefabInternal: {fileID: 100100000}
  serializedVersion: 4
  m_Component:
  - 4: {fileID: 4000011100830846}
  m_Layer: 0
  m_Name: Male1:HeadTop_End
  m_TagString: Untagged
  m_Icon: {fileID: 0}
  m_NavMeshLayer: 0
  m_StaticEditorFlags: 0
  m_IsActive: 1
--- !u!1 &1000011995519868
GameObject:
  m_ObjectHideFlags: 1
  m_PrefabParentObject: {fileID: 0}
  m_PrefabInternal: {fileID: 100100000}
  serializedVersion: 4
  m_Component:
  - 4: {fileID: 4000010273187074}
  m_Layer: 0
  m_Name: Male1:LeftArm
  m_TagString: Untagged
  m_Icon: {fileID: 0}
  m_NavMeshLayer: 0
  m_StaticEditorFlags: 0
  m_IsActive: 1
--- !u!1 &1000012138669208
GameObject:
  m_ObjectHideFlags: 0
  m_PrefabParentObject: {fileID: 0}
  m_PrefabInternal: {fileID: 100100000}
  serializedVersion: 4
  m_Component:
  - 4: {fileID: 4000013519486638}
  - 137: {fileID: 137000012656770634}
  m_Layer: 0
  m_Name: Male1:Bottoms
  m_TagString: Untagged
  m_Icon: {fileID: 0}
  m_NavMeshLayer: 0
  m_StaticEditorFlags: 0
  m_IsActive: 1
--- !u!1 &1000012150883110
GameObject:
  m_ObjectHideFlags: 1
  m_PrefabParentObject: {fileID: 0}
  m_PrefabInternal: {fileID: 100100000}
  serializedVersion: 4
  m_Component:
  - 4: {fileID: 4000011963434726}
  m_Layer: 0
  m_Name: Male1:LeftHandThumb1
  m_TagString: Untagged
  m_Icon: {fileID: 0}
  m_NavMeshLayer: 0
  m_StaticEditorFlags: 0
  m_IsActive: 1
--- !u!1 &1000012167830544
GameObject:
  m_ObjectHideFlags: 1
  m_PrefabParentObject: {fileID: 0}
  m_PrefabInternal: {fileID: 100100000}
  serializedVersion: 4
  m_Component:
  - 4: {fileID: 4000011545901328}
  m_Layer: 0
  m_Name: Male1:LeftHandRing4
  m_TagString: Untagged
  m_Icon: {fileID: 0}
  m_NavMeshLayer: 0
  m_StaticEditorFlags: 0
  m_IsActive: 1
--- !u!1 &1000012188284032
GameObject:
  m_ObjectHideFlags: 1
  m_PrefabParentObject: {fileID: 0}
  m_PrefabInternal: {fileID: 100100000}
  serializedVersion: 4
  m_Component:
  - 4: {fileID: 4000013552166452}
  m_Layer: 0
  m_Name: Male1:RightHandPinky4
  m_TagString: Untagged
  m_Icon: {fileID: 0}
  m_NavMeshLayer: 0
  m_StaticEditorFlags: 0
  m_IsActive: 1
--- !u!1 &1000012204956504
GameObject:
  m_ObjectHideFlags: 1
  m_PrefabParentObject: {fileID: 0}
  m_PrefabInternal: {fileID: 100100000}
  serializedVersion: 4
  m_Component:
  - 4: {fileID: 4000012821406720}
  m_Layer: 0
  m_Name: Male1:Spine1
  m_TagString: Untagged
  m_Icon: {fileID: 0}
  m_NavMeshLayer: 0
  m_StaticEditorFlags: 0
  m_IsActive: 1
--- !u!1 &1000012314650234
GameObject:
  m_ObjectHideFlags: 1
  m_PrefabParentObject: {fileID: 0}
  m_PrefabInternal: {fileID: 100100000}
  serializedVersion: 4
  m_Component:
  - 4: {fileID: 4000013960797598}
  m_Layer: 0
  m_Name: Male1:LeftHandRing3
  m_TagString: Untagged
  m_Icon: {fileID: 0}
  m_NavMeshLayer: 0
  m_StaticEditorFlags: 0
  m_IsActive: 1
--- !u!1 &1000012693106310
GameObject:
  m_ObjectHideFlags: 0
  m_PrefabParentObject: {fileID: 0}
  m_PrefabInternal: {fileID: 100100000}
  serializedVersion: 4
  m_Component:
  - 4: {fileID: 4000010520595732}
  - 137: {fileID: 137000010570241586}
  m_Layer: 0
  m_Name: Male1:Shoes
  m_TagString: Untagged
  m_Icon: {fileID: 0}
  m_NavMeshLayer: 0
  m_StaticEditorFlags: 0
  m_IsActive: 1
--- !u!1 &1000012712900446
GameObject:
  m_ObjectHideFlags: 1
  m_PrefabParentObject: {fileID: 0}
  m_PrefabInternal: {fileID: 100100000}
  serializedVersion: 4
  m_Component:
  - 4: {fileID: 4000013570796542}
  m_Layer: 0
  m_Name: Male1:RightHandMiddle1
  m_TagString: Untagged
  m_Icon: {fileID: 0}
  m_NavMeshLayer: 0
  m_StaticEditorFlags: 0
  m_IsActive: 1
--- !u!1 &1000012738973728
GameObject:
  m_ObjectHideFlags: 1
  m_PrefabParentObject: {fileID: 0}
  m_PrefabInternal: {fileID: 100100000}
  serializedVersion: 4
  m_Component:
  - 4: {fileID: 4000013258735162}
  - 33: {fileID: 33000012873893428}
  - 23: {fileID: 23000010225591016}
  m_Layer: 0
  m_Name: faceMask
  m_TagString: Untagged
  m_Icon: {fileID: 0}
  m_NavMeshLayer: 0
  m_StaticEditorFlags: 0
  m_IsActive: 1
--- !u!1 &1000012861293730
GameObject:
  m_ObjectHideFlags: 1
  m_PrefabParentObject: {fileID: 0}
  m_PrefabInternal: {fileID: 100100000}
  serializedVersion: 4
  m_Component:
  - 4: {fileID: 4000013101663804}
  m_Layer: 0
  m_Name: Male1:RightHandMiddle3
  m_TagString: Untagged
  m_Icon: {fileID: 0}
  m_NavMeshLayer: 0
  m_StaticEditorFlags: 0
  m_IsActive: 1
--- !u!1 &1000012899106190
GameObject:
  m_ObjectHideFlags: 1
  m_PrefabParentObject: {fileID: 0}
  m_PrefabInternal: {fileID: 100100000}
  serializedVersion: 4
  m_Component:
  - 4: {fileID: 4000012296676176}
  m_Layer: 0
  m_Name: Male1:LeftHandIndex2
  m_TagString: Untagged
  m_Icon: {fileID: 0}
  m_NavMeshLayer: 0
  m_StaticEditorFlags: 0
  m_IsActive: 1
--- !u!1 &1000012934492548
GameObject:
  m_ObjectHideFlags: 1
  m_PrefabParentObject: {fileID: 0}
  m_PrefabInternal: {fileID: 100100000}
  serializedVersion: 4
  m_Component:
  - 4: {fileID: 4000013425043362}
  m_Layer: 0
  m_Name: Male1:RightHandThumb1
  m_TagString: Untagged
  m_Icon: {fileID: 0}
  m_NavMeshLayer: 0
  m_StaticEditorFlags: 0
  m_IsActive: 1
--- !u!1 &1000013046544964
GameObject:
  m_ObjectHideFlags: 0
  m_PrefabParentObject: {fileID: 0}
  m_PrefabInternal: {fileID: 100100000}
  serializedVersion: 4
  m_Component:
  - 4: {fileID: 4000010236277756}
  - 137: {fileID: 137000012578400384}
  m_Layer: 0
  m_Name: Male1:Body
  m_TagString: Untagged
  m_Icon: {fileID: 0}
  m_NavMeshLayer: 0
  m_StaticEditorFlags: 0
  m_IsActive: 1
--- !u!1 &1000013081063488
GameObject:
  m_ObjectHideFlags: 1
  m_PrefabParentObject: {fileID: 0}
  m_PrefabInternal: {fileID: 100100000}
  serializedVersion: 4
  m_Component:
  - 4: {fileID: 4000013914412966}
  m_Layer: 0
  m_Name: Male1:RightHandThumb3
  m_TagString: Untagged
  m_Icon: {fileID: 0}
  m_NavMeshLayer: 0
  m_StaticEditorFlags: 0
  m_IsActive: 1
--- !u!1 &1000013085070340
GameObject:
  m_ObjectHideFlags: 1
  m_PrefabParentObject: {fileID: 0}
  m_PrefabInternal: {fileID: 100100000}
  serializedVersion: 4
  m_Component:
  - 4: {fileID: 4000012818039664}
  m_Layer: 0
  m_Name: Male1:RightHandRing1
  m_TagString: Untagged
  m_Icon: {fileID: 0}
  m_NavMeshLayer: 0
  m_StaticEditorFlags: 0
  m_IsActive: 1
--- !u!1 &1000013246156298
GameObject:
  m_ObjectHideFlags: 1
  m_PrefabParentObject: {fileID: 0}
  m_PrefabInternal: {fileID: 100100000}
  serializedVersion: 4
  m_Component:
  - 4: {fileID: 4000012939647714}
  m_Layer: 0
  m_Name: Male1:LeftHandPinky3
  m_TagString: Untagged
  m_Icon: {fileID: 0}
  m_NavMeshLayer: 0
  m_StaticEditorFlags: 0
  m_IsActive: 1
--- !u!1 &1000013468369916
GameObject:
  m_ObjectHideFlags: 1
  m_PrefabParentObject: {fileID: 0}
  m_PrefabInternal: {fileID: 100100000}
  serializedVersion: 4
  m_Component:
  - 4: {fileID: 4000012522032508}
  m_Layer: 0
  m_Name: Male1:LeftShoulder
  m_TagString: Untagged
  m_Icon: {fileID: 0}
  m_NavMeshLayer: 0
  m_StaticEditorFlags: 0
  m_IsActive: 1
--- !u!1 &1000013471962898
GameObject:
  m_ObjectHideFlags: 1
  m_PrefabParentObject: {fileID: 0}
  m_PrefabInternal: {fileID: 100100000}
  serializedVersion: 4
  m_Component:
  - 4: {fileID: 4000011226517624}
  m_Layer: 0
  m_Name: Male1:RightHandRing4
  m_TagString: Untagged
  m_Icon: {fileID: 0}
  m_NavMeshLayer: 0
  m_StaticEditorFlags: 0
  m_IsActive: 1
--- !u!1 &1000013515203948
GameObject:
  m_ObjectHideFlags: 1
  m_PrefabParentObject: {fileID: 0}
  m_PrefabInternal: {fileID: 100100000}
  serializedVersion: 4
  m_Component:
  - 4: {fileID: 4000010387789430}
  m_Layer: 0
  m_Name: Male1:RightHandIndex4
  m_TagString: Untagged
  m_Icon: {fileID: 0}
  m_NavMeshLayer: 0
  m_StaticEditorFlags: 0
  m_IsActive: 1
--- !u!1 &1000013519112976
GameObject:
  m_ObjectHideFlags: 1
  m_PrefabParentObject: {fileID: 0}
  m_PrefabInternal: {fileID: 100100000}
  serializedVersion: 4
  m_Component:
  - 4: {fileID: 4000011482318946}
  m_Layer: 0
  m_Name: Male1:LeftHandMiddle1
  m_TagString: Untagged
  m_Icon: {fileID: 0}
  m_NavMeshLayer: 0
  m_StaticEditorFlags: 0
  m_IsActive: 1
--- !u!1 &1000013626380908
GameObject:
  m_ObjectHideFlags: 1
  m_PrefabParentObject: {fileID: 0}
  m_PrefabInternal: {fileID: 100100000}
  serializedVersion: 4
  m_Component:
  - 4: {fileID: 4000010645940312}
  m_Layer: 0
  m_Name: Male1:LeftHandIndex1
  m_TagString: Untagged
  m_Icon: {fileID: 0}
  m_NavMeshLayer: 0
  m_StaticEditorFlags: 0
  m_IsActive: 1
--- !u!1 &1000013630826468
GameObject:
  m_ObjectHideFlags: 1
  m_PrefabParentObject: {fileID: 0}
  m_PrefabInternal: {fileID: 100100000}
  serializedVersion: 4
  m_Component:
  - 4: {fileID: 4000013729303808}
  m_Layer: 0
  m_Name: Male1:LeftLeg
  m_TagString: Untagged
  m_Icon: {fileID: 0}
  m_NavMeshLayer: 0
  m_StaticEditorFlags: 0
  m_IsActive: 1
--- !u!1 &1000014016312134
GameObject:
  m_ObjectHideFlags: 1
  m_PrefabParentObject: {fileID: 0}
  m_PrefabInternal: {fileID: 100100000}
  serializedVersion: 4
  m_Component:
  - 4: {fileID: 4000013361219534}
  m_Layer: 0
  m_Name: Male1:RightHandPinky3
  m_TagString: Untagged
  m_Icon: {fileID: 0}
  m_NavMeshLayer: 0
  m_StaticEditorFlags: 0
  m_IsActive: 1
--- !u!1 &1000014082713788
GameObject:
  m_ObjectHideFlags: 0
  m_PrefabParentObject: {fileID: 0}
  m_PrefabInternal: {fileID: 100100000}
  serializedVersion: 4
  m_Component:
  - 4: {fileID: 4000011305215564}
  m_Layer: 0
  m_Name: Male1:Hips
  m_TagString: Untagged
  m_Icon: {fileID: 0}
  m_NavMeshLayer: 0
  m_StaticEditorFlags: 0
  m_IsActive: 1
--- !u!1 &1000014114177594
GameObject:
  m_ObjectHideFlags: 1
  m_PrefabParentObject: {fileID: 0}
  m_PrefabInternal: {fileID: 100100000}
  serializedVersion: 4
  m_Component:
  - 4: {fileID: 4000013902457030}
  m_Layer: 0
  m_Name: Male1:LeftFoot
  m_TagString: Untagged
  m_Icon: {fileID: 0}
  m_NavMeshLayer: 0
  m_StaticEditorFlags: 0
  m_IsActive: 1
--- !u!1 &1000014173795662
GameObject:
  m_ObjectHideFlags: 1
  m_PrefabParentObject: {fileID: 0}
  m_PrefabInternal: {fileID: 100100000}
  serializedVersion: 4
  m_Component:
  - 4: {fileID: 4000011232370796}
  m_Layer: 0
  m_Name: Male1:LeftHandPinky1
  m_TagString: Untagged
  m_Icon: {fileID: 0}
  m_NavMeshLayer: 0
  m_StaticEditorFlags: 0
  m_IsActive: 1
--- !u!1 &1000014173850726
GameObject:
  m_ObjectHideFlags: 0
  m_PrefabParentObject: {fileID: 0}
  m_PrefabInternal: {fileID: 100100000}
  serializedVersion: 4
  m_Component:
  - 4: {fileID: 4000010906651920}
  - 95: {fileID: 95000011013175250}
  - 54: {fileID: 54000012149268506}
  - 195: {fileID: 195000012243619302}
  - 136: {fileID: 136000010066864418}
  - 114: {fileID: 114000013752714412}
  m_Layer: 0
  m_Name: male1_mask
  m_TagString: model
  m_Icon: {fileID: 0}
  m_NavMeshLayer: 0
  m_StaticEditorFlags: 0
  m_IsActive: 1
--- !u!1 &1000014259642568
GameObject:
  m_ObjectHideFlags: 1
  m_PrefabParentObject: {fileID: 0}
  m_PrefabInternal: {fileID: 100100000}
  serializedVersion: 4
  m_Component:
  - 4: {fileID: 4000010709809596}
  m_Layer: 0
  m_Name: Male1:Spine
  m_TagString: Untagged
  m_Icon: {fileID: 0}
  m_NavMeshLayer: 0
  m_StaticEditorFlags: 0
  m_IsActive: 1
--- !u!4 &4000010079429918
Transform:
  m_ObjectHideFlags: 1
  m_PrefabParentObject: {fileID: 0}
  m_PrefabInternal: {fileID: 100100000}
  m_GameObject: {fileID: 1000010266029050}
  m_LocalRotation: {x: -0.0000002647445, y: -0.00022262425, z: -0.00000018814909,
    w: 1}
  m_LocalPosition: {x: -3.727401e-10, y: 0.23088959, z: 4.3037574e-11}
  m_LocalScale: {x: 1, y: 1, z: 1}
  m_LocalEulerAnglesHint: {x: 0, y: 0, z: 0}
  m_Children:
  - {fileID: 4000014155572814}
  m_Father: {fileID: 4000010483009998}
  m_RootOrder: 0
--- !u!4 &4000010081754590
Transform:
  m_ObjectHideFlags: 1
  m_PrefabParentObject: {fileID: 0}
  m_PrefabInternal: {fileID: 100100000}
  m_GameObject: {fileID: 1000011654405864}
  m_LocalRotation: {x: -0.000000026120698, y: 0.000038708138, z: 0.00055214815, w: 0.9999999}
  m_LocalPosition: {x: 0.000021684822, y: 0.024484491, z: -6.468045e-10}
  m_LocalScale: {x: 1, y: 1, z: 1}
  m_LocalEulerAnglesHint: {x: 0, y: 0, z: 0}
  m_Children:
  - {fileID: 4000011896472956}
  m_Father: {fileID: 4000012818039664}
  m_RootOrder: 0
--- !u!4 &4000010236277756
Transform:
  m_ObjectHideFlags: 1
  m_PrefabParentObject: {fileID: 0}
  m_PrefabInternal: {fileID: 100100000}
  m_GameObject: {fileID: 1000013046544964}
  m_LocalRotation: {x: 0, y: -0, z: -0, w: 1}
  m_LocalPosition: {x: -0, y: 0, z: 0}
  m_LocalScale: {x: 1, y: 1, z: 1}
  m_LocalEulerAnglesHint: {x: 0, y: 0, z: 0}
  m_Children: []
  m_Father: {fileID: 4000010906651920}
  m_RootOrder: 0
--- !u!4 &4000010273187074
Transform:
  m_ObjectHideFlags: 1
  m_PrefabParentObject: {fileID: 0}
  m_PrefabInternal: {fileID: 100100000}
  m_GameObject: {fileID: 1000011995519868}
  m_LocalRotation: {x: -0.14071117, y: -0.008649213, z: -0.0109244045, w: 0.9899526}
  m_LocalPosition: {x: 1.3325575e-10, y: 0.1173732, z: -0.0000000012970034}
  m_LocalScale: {x: 1, y: 1, z: 1}
  m_LocalEulerAnglesHint: {x: 0, y: 0, z: 0}
  m_Children:
  - {fileID: 4000013315127380}
  m_Father: {fileID: 4000012522032508}
  m_RootOrder: 0
--- !u!4 &4000010387789430
Transform:
  m_ObjectHideFlags: 1
  m_PrefabParentObject: {fileID: 0}
  m_PrefabInternal: {fileID: 100100000}
  m_GameObject: {fileID: 1000013515203948}
  m_LocalRotation: {x: 0, y: -0, z: -0, w: 1}
  m_LocalPosition: {x: -0.0000014207727, y: 0.019711426, z: -2.5808475e-10}
  m_LocalScale: {x: 1, y: 1, z: 1}
  m_LocalEulerAnglesHint: {x: 0, y: 0, z: 0}
  m_Children: []
  m_Father: {fileID: 4000011584293526}
  m_RootOrder: 0
--- !u!4 &4000010483009998
Transform:
  m_ObjectHideFlags: 1
  m_PrefabParentObject: {fileID: 0}
  m_PrefabInternal: {fileID: 100100000}
  m_GameObject: {fileID: 1000010356123302}
  m_LocalRotation: {x: -0.14042665, y: 0.0071318364, z: 0.014086361, w: 0.9899652}
  m_LocalPosition: {x: -1.1851435e-10, y: 0.1173732, z: -0.000000001298433}
  m_LocalScale: {x: 1, y: 1, z: 1}
  m_LocalEulerAnglesHint: {x: 0, y: 0, z: 0}
  m_Children:
  - {fileID: 4000010079429918}
  m_Father: {fileID: 4000014098453352}
  m_RootOrder: 0
--- !u!4 &4000010520595732
Transform:
  m_ObjectHideFlags: 1
  m_PrefabParentObject: {fileID: 0}
  m_PrefabInternal: {fileID: 100100000}
  m_GameObject: {fileID: 1000012693106310}
  m_LocalRotation: {x: 0, y: -0, z: -0, w: 1}
  m_LocalPosition: {x: -0, y: 0, z: 0}
  m_LocalScale: {x: 1, y: 1, z: 1}
  m_LocalEulerAnglesHint: {x: 0, y: 0, z: 0}
  m_Children: []
  m_Father: {fileID: 4000010906651920}
  m_RootOrder: 5
--- !u!4 &4000010645940312
Transform:
  m_ObjectHideFlags: 1
  m_PrefabParentObject: {fileID: 0}
  m_PrefabInternal: {fileID: 100100000}
  m_GameObject: {fileID: 1000013626380908}
  m_LocalRotation: {x: -0.011892398, y: -0.0022931504, z: -0.044301998, w: 0.99894476}
  m_LocalPosition: {x: 0.027957652, y: 0.116896264, z: 0.0006828501}
  m_LocalScale: {x: 1, y: 1, z: 1}
  m_LocalEulerAnglesHint: {x: 0, y: 0, z: 0}
  m_Children:
  - {fileID: 4000012296676176}
  m_Father: {fileID: 4000014104824982}
  m_RootOrder: 0
--- !u!4 &4000010709809596
Transform:
  m_ObjectHideFlags: 1
  m_PrefabParentObject: {fileID: 0}
  m_PrefabInternal: {fileID: 100100000}
  m_GameObject: {fileID: 1000014259642568}
  m_LocalRotation: {x: -0.046456944, y: 0.00009013276, z: -0.0011855672, w: 0.9989196}
  m_LocalPosition: {x: -0, y: 0.09619591, z: -0.008970148}
  m_LocalScale: {x: 1, y: 1, z: 1}
  m_LocalEulerAnglesHint: {x: 0, y: 0, z: 0}
  m_Children:
  - {fileID: 4000012821406720}
  m_Father: {fileID: 4000011305215564}
  m_RootOrder: 2
--- !u!4 &4000010855795220
Transform:
  m_ObjectHideFlags: 1
  m_PrefabParentObject: {fileID: 0}
  m_PrefabInternal: {fileID: 100100000}
  m_GameObject: {fileID: 1000010869818138}
  m_LocalRotation: {x: -0.03710885, y: 0.0000028958154, z: -0.002978943, w: 0.9993068}
  m_LocalPosition: {x: 6.505e-11, y: 0.44063842, z: 9.604474e-10}
  m_LocalScale: {x: 1, y: 1, z: 1}
  m_LocalEulerAnglesHint: {x: 0, y: 0, z: 0}
  m_Children:
  - {fileID: 4000011132332346}
  m_Father: {fileID: 4000011890678122}
  m_RootOrder: 0
--- !u!4 &4000010906651920
Transform:
  m_ObjectHideFlags: 1
  m_PrefabParentObject: {fileID: 0}
  m_PrefabInternal: {fileID: 100100000}
  m_GameObject: {fileID: 1000014173850726}
  m_LocalRotation: {x: -0, y: -0, z: -0, w: 1}
  m_LocalPosition: {x: -0.495, y: 0.395, z: 9.753}
  m_LocalScale: {x: 1, y: 1, z: 1}
  m_LocalEulerAnglesHint: {x: 0, y: 0, z: 0}
  m_Children:
  - {fileID: 4000010236277756}
  - {fileID: 4000013519486638}
  - {fileID: 4000012695793496}
  - {fileID: 4000012459903998}
  - {fileID: 4000011305215564}
  - {fileID: 4000010520595732}
  - {fileID: 4000013444618894}
  m_Father: {fileID: 0}
  m_RootOrder: 0
--- !u!4 &4000011003785136
Transform:
  m_ObjectHideFlags: 1
  m_PrefabParentObject: {fileID: 0}
  m_PrefabInternal: {fileID: 100100000}
  m_GameObject: {fileID: 1000011030678764}
  m_LocalRotation: {x: 0, y: -0, z: -0, w: 1}
  m_LocalPosition: {x: 0.00006867107, y: 0.017128875, z: -1.442936e-10}
  m_LocalScale: {x: 1, y: 1, z: 1}
  m_LocalEulerAnglesHint: {x: 0, y: 0, z: 0}
  m_Children: []
  m_Father: {fileID: 4000012939647714}
  m_RootOrder: 0
--- !u!4 &4000011031913692
Transform:
  m_ObjectHideFlags: 1
  m_PrefabParentObject: {fileID: 0}
  m_PrefabInternal: {fileID: 100100000}
  m_GameObject: {fileID: 1000010068164530}
  m_LocalRotation: {x: -0.0031550876, y: -0.0036930833, z: 0.041099977, w: 0.99914324}
  m_LocalPosition: {x: 0.02877195, y: 0.10615134, z: 0.0009729791}
  m_LocalScale: {x: 1, y: 1, z: 1}
  m_LocalEulerAnglesHint: {x: 0, y: 0, z: 0}
  m_Children:
  - {fileID: 4000013481510596}
  m_Father: {fileID: 4000014155572814}
  m_RootOrder: 2
--- !u!4 &4000011100830846
Transform:
  m_ObjectHideFlags: 1
  m_PrefabParentObject: {fileID: 0}
  m_PrefabInternal: {fileID: 100100000}
  m_GameObject: {fileID: 1000011974032314}
  m_LocalRotation: {x: 0, y: -0, z: -0, w: 1}
  m_LocalPosition: {x: -0, y: 0.23466079, z: 0.069110185}
  m_LocalScale: {x: 1, y: 1, z: 1}
  m_LocalEulerAnglesHint: {x: 0, y: 0, z: 0}
  m_Children: []
  m_Father: {fileID: 4000014065938236}
  m_RootOrder: 0
--- !u!4 &4000011132332346
Transform:
  m_ObjectHideFlags: 1
  m_PrefabParentObject: {fileID: 0}
  m_PrefabInternal: {fileID: 100100000}
  m_GameObject: {fileID: 1000011352818390}
  m_LocalRotation: {x: 0.46038154, y: 0.015045637, z: -0.017294835, w: 0.8874251}
  m_LocalPosition: {x: -4.7778004e-10, y: 0.4428884, z: 0.0000000015897902}
  m_LocalScale: {x: 1, y: 1, z: 1}
  m_LocalEulerAnglesHint: {x: 0, y: 0, z: 0}
  m_Children:
  - {fileID: 4000011865128640}
  m_Father: {fileID: 4000010855795220}
  m_RootOrder: 0
--- !u!4 &4000011173578120
Transform:
  m_ObjectHideFlags: 1
  m_PrefabParentObject: {fileID: 0}
  m_PrefabInternal: {fileID: 100100000}
  m_GameObject: {fileID: 1000010032062734}
  m_LocalRotation: {x: 0.046473242, y: 3.2020275e-14, z: 2.2912314e-13, w: 0.99891955}
  m_LocalPosition: {x: -0, y: 0.1449198, z: 0.000000015006306}
  m_LocalScale: {x: 1, y: 1, z: 1}
  m_LocalEulerAnglesHint: {x: 0, y: 0, z: 0}
  m_Children:
  - {fileID: 4000014065938236}
  m_Father: {fileID: 4000011879248082}
  m_RootOrder: 1
--- !u!4 &4000011226517624
Transform:
  m_ObjectHideFlags: 1
  m_PrefabParentObject: {fileID: 0}
  m_PrefabInternal: {fileID: 100100000}
  m_GameObject: {fileID: 1000013471962898}
  m_LocalRotation: {x: 0, y: -0, z: -0, w: 1}
  m_LocalPosition: {x: -0.00006734575, y: 0.019520286, z: -1.1169731e-13}
  m_LocalScale: {x: 1, y: 1, z: 1}
  m_LocalEulerAnglesHint: {x: 0, y: 0, z: 0}
  m_Children: []
  m_Father: {fileID: 4000011896472956}
  m_RootOrder: 0
--- !u!4 &4000011232370796
Transform:
  m_ObjectHideFlags: 1
  m_PrefabParentObject: {fileID: 0}
  m_PrefabInternal: {fileID: 100100000}
  m_GameObject: {fileID: 1000014173795662}
  m_LocalRotation: {x: -0.0116070565, y: 0.0042078113, z: -0.04492122, w: 0.99891424}
  m_LocalPosition: {x: -0.027700186, y: 0.1088711, z: 0.0009437261}
  m_LocalScale: {x: 1, y: 1, z: 1}
  m_LocalEulerAnglesHint: {x: 0, y: 0, z: 0}
  m_Children:
  - {fileID: 4000012536452892}
  m_Father: {fileID: 4000014104824982}
  m_RootOrder: 2
--- !u!4 &4000011305215564
Transform:
  m_ObjectHideFlags: 1
  m_PrefabParentObject: {fileID: 0}
  m_PrefabInternal: {fileID: 100100000}
  m_GameObject: {fileID: 1000014082713788}
  m_LocalRotation: {x: -0.000016184486, y: -0.000034939367, z: 0.0011884752, w: 0.9999993}
  m_LocalPosition: {x: -0.00012605859, y: 1.0144047, z: 0.003688715}
  m_LocalScale: {x: 1, y: 1, z: 1}
  m_LocalEulerAnglesHint: {x: 0, y: 0, z: 0}
  m_Children:
  - {fileID: 4000012812628616}
  - {fileID: 4000011890678122}
  - {fileID: 4000010709809596}
  m_Father: {fileID: 4000010906651920}
  m_RootOrder: 4
--- !u!4 &4000011482318946
Transform:
  m_ObjectHideFlags: 1
  m_PrefabParentObject: {fileID: 0}
  m_PrefabInternal: {fileID: 100100000}
  m_GameObject: {fileID: 1000013519112976}
  m_LocalRotation: {x: -0.011717115, y: 0.0017123612, z: -0.045509137, w: 0.99889374}
  m_LocalPosition: {x: 0.010576539, y: 0.11924565, z: -0.002821419}
  m_LocalScale: {x: 1, y: 1, z: 1}
  m_LocalEulerAnglesHint: {x: 0, y: 0, z: 0}
  m_Children:
  - {fileID: 4000012807819716}
  m_Father: {fileID: 4000014104824982}
  m_RootOrder: 1
--- !u!4 &4000011532138344
Transform:
  m_ObjectHideFlags: 1
  m_PrefabParentObject: {fileID: 0}
  m_PrefabInternal: {fileID: 100100000}
  m_GameObject: {fileID: 1000011581107868}
  m_LocalRotation: {x: 0, y: -0, z: -0, w: 1}
  m_LocalPosition: {x: -3.2640307e-11, y: 0.046923187, z: 1.682184e-11}
  m_LocalScale: {x: 1, y: 1, z: 1}
  m_LocalEulerAnglesHint: {x: 0, y: 0, z: 0}
  m_Children: []
  m_Father: {fileID: 4000011865128640}
  m_RootOrder: 0
--- !u!4 &4000011533311090
Transform:
  m_ObjectHideFlags: 1
  m_PrefabParentObject: {fileID: 0}
  m_PrefabInternal: {fileID: 100100000}
  m_GameObject: {fileID: 1000010841743870}
  m_LocalRotation: {x: 0.00000019209132, y: -0.000029889503, z: 0.002402365, w: 0.99999714}
  m_LocalPosition: {x: -0.00005002189, y: 0.023608431, z: -9.754462e-10}
  m_LocalScale: {x: 1, y: 1, z: 1}
  m_LocalEulerAnglesHint: {x: 0, y: 0, z: 0}
  m_Children:
  - {fileID: 4000013841618812}
  m_Father: {fileID: 4000012296676176}
  m_RootOrder: 0
--- !u!4 &4000011545901328
Transform:
  m_ObjectHideFlags: 1
  m_PrefabParentObject: {fileID: 0}
  m_PrefabInternal: {fileID: 100100000}
  m_GameObject: {fileID: 1000012167830544}
  m_LocalRotation: {x: 0, y: -0, z: -0, w: 1}
  m_LocalPosition: {x: 0.000058299403, y: 0.019168556, z: 8.660834e-11}
  m_LocalScale: {x: 1, y: 1, z: 1}
  m_LocalEulerAnglesHint: {x: 0, y: 0, z: 0}
  m_Children: []
  m_Father: {fileID: 4000013960797598}
  m_RootOrder: 0
--- !u!4 &4000011556628574
Transform:
  m_ObjectHideFlags: 1
  m_PrefabParentObject: {fileID: 0}
  m_PrefabInternal: {fileID: 100100000}
  m_GameObject: {fileID: 1000010552508858}
  m_LocalRotation: {x: -0.0000001607793, y: 0.0000016242741, z: 0.00048245493, w: 0.9999999}
  m_LocalPosition: {x: -0.000010742791, y: 0.024716279, z: -4.824741e-10}
  m_LocalScale: {x: 1, y: 1, z: 1}
  m_LocalEulerAnglesHint: {x: 0, y: 0, z: 0}
  m_Children:
  - {fileID: 4000011584293526}
  m_Father: {fileID: 4000011599956670}
  m_RootOrder: 0
--- !u!4 &4000011584293526
Transform:
  m_ObjectHideFlags: 1
  m_PrefabParentObject: {fileID: 0}
  m_PrefabInternal: {fileID: 100100000}
  m_GameObject: {fileID: 1000011926475318}
  m_LocalRotation: {x: -0.00000013839751, y: -0.000015780231, z: -0.0002853275, w: 1}
  m_LocalPosition: {x: 0.000012163039, y: 0.023082241, z: -2.4572785e-10}
  m_LocalScale: {x: 1, y: 1, z: 1}
  m_LocalEulerAnglesHint: {x: 0, y: 0, z: 0}
  m_Children:
  - {fileID: 4000010387789430}
  m_Father: {fileID: 4000011556628574}
  m_RootOrder: 0
--- !u!4 &4000011588381460
Transform:
  m_ObjectHideFlags: 1
  m_PrefabParentObject: {fileID: 0}
  m_PrefabInternal: {fileID: 100100000}
  m_GameObject: {fileID: 1000011220133818}
  m_LocalRotation: {x: 0, y: -0, z: -0, w: 1}
  m_LocalPosition: {x: 0.00010713601, y: 0.022762768, z: 8.2270614e-11}
  m_LocalScale: {x: 1, y: 1, z: 1}
  m_LocalEulerAnglesHint: {x: 0, y: 0, z: 0}
  m_Children: []
  m_Father: {fileID: 4000012314102554}
  m_RootOrder: 0
--- !u!4 &4000011599956670
Transform:
  m_ObjectHideFlags: 1
  m_PrefabParentObject: {fileID: 0}
  m_PrefabInternal: {fileID: 100100000}
  m_GameObject: {fileID: 1000010876777256}
  m_LocalRotation: {x: -0.0033239047, y: 0.000531215, z: 0.040246215, w: 0.99918413}
  m_LocalPosition: {x: -0.02975073, y: 0.11696153, z: 0.0004374285}
  m_LocalScale: {x: 1, y: 1, z: 1}
  m_LocalEulerAnglesHint: {x: 0, y: 0, z: 0}
  m_Children:
  - {fileID: 4000011556628574}
  m_Father: {fileID: 4000014155572814}
  m_RootOrder: 0
--- !u!4 &4000011604187932
Transform:
  m_ObjectHideFlags: 1
  m_PrefabParentObject: {fileID: 0}
  m_PrefabInternal: {fileID: 100100000}
  m_GameObject: {fileID: 1000011143586924}
  m_LocalRotation: {x: -0.00000038291316, y: 0.000005736997, z: 0.00080141425, w: 0.9999997}
  m_LocalPosition: {x: -0.000019475981, y: 0.02747564, z: 1.9491522e-10}
  m_LocalScale: {x: 1, y: 1, z: 1}
  m_LocalEulerAnglesHint: {x: 0, y: 0, z: 0}
  m_Children:
  - {fileID: 4000013101663804}
  m_Father: {fileID: 4000013570796542}
  m_RootOrder: 0
--- !u!4 &4000011865128640
Transform:
  m_ObjectHideFlags: 1
  m_PrefabParentObject: {fileID: 0}
  m_PrefabInternal: {fileID: 100100000}
  m_GameObject: {fileID: 1000011059457438}
  m_LocalRotation: {x: 0.33781976, y: -0.03765341, z: 0.013526765, w: 0.94036007}
  m_LocalPosition: {x: 2.7376573e-10, y: 0.11731303, z: 0.0000000027432323}
  m_LocalScale: {x: 1, y: 1, z: 1}
  m_LocalEulerAnglesHint: {x: 0, y: 0, z: 0}
  m_Children:
  - {fileID: 4000011532138344}
  m_Father: {fileID: 4000011132332346}
  m_RootOrder: 0
--- !u!4 &4000011879248082
Transform:
  m_ObjectHideFlags: 1
  m_PrefabParentObject: {fileID: 0}
  m_PrefabInternal: {fileID: 100100000}
  m_GameObject: {fileID: 1000010099625620}
  m_LocalRotation: {x: -0, y: 3.0292259e-28, z: 1.03246115e-26, w: 1}
  m_LocalPosition: {x: -0, y: 0.12881754, z: 7.1204576e-10}
  m_LocalScale: {x: 1, y: 1, z: 1}
  m_LocalEulerAnglesHint: {x: 0, y: 0, z: 0}
  m_Children:
  - {fileID: 4000012522032508}
  - {fileID: 4000011173578120}
  - {fileID: 4000014098453352}
  m_Father: {fileID: 4000012821406720}
  m_RootOrder: 0
--- !u!4 &4000011890678122
Transform:
  m_ObjectHideFlags: 1
  m_PrefabParentObject: {fileID: 0}
  m_PrefabInternal: {fileID: 100100000}
  m_GameObject: {fileID: 1000011898711574}
  m_LocalRotation: {x: 0.00086403615, y: 0.002931777, z: 0.9999953, w: -0.00033716043}
  m_LocalPosition: {x: 0.07493717, y: -0.053367462, z: -0.0029979157}
  m_LocalScale: {x: 1, y: 1, z: 1}
  m_LocalEulerAnglesHint: {x: 0, y: 0, z: 0}
  m_Children:
  - {fileID: 4000010855795220}
  m_Father: {fileID: 4000011305215564}
  m_RootOrder: 1
--- !u!4 &4000011896472956
Transform:
  m_ObjectHideFlags: 1
  m_PrefabParentObject: {fileID: 0}
  m_PrefabInternal: {fileID: 100100000}
  m_GameObject: {fileID: 1000011676207870}
  m_LocalRotation: {x: 0.0000000045857886, y: 0.00009338824, z: -0.0027175401, w: 0.9999963}
  m_LocalPosition: {x: 0.00004566117, y: 0.0229678, z: -3.1771832e-10}
  m_LocalScale: {x: 1, y: 1, z: 1}
  m_LocalEulerAnglesHint: {x: 0, y: 0, z: 0}
  m_Children:
  - {fileID: 4000011226517624}
  m_Father: {fileID: 4000010081754590}
  m_RootOrder: 0
--- !u!4 &4000011963434726
Transform:
  m_ObjectHideFlags: 1
  m_PrefabParentObject: {fileID: 0}
  m_PrefabInternal: {fileID: 100100000}
  m_GameObject: {fileID: 1000012150883110}
  m_LocalRotation: {x: 0.21125017, y: -0.05416175, z: -0.31083563, w: 0.925106}
  m_LocalPosition: {x: 0.022676649, y: 0.03831148, z: 0.011982586}
  m_LocalScale: {x: 1, y: 1, z: 1}
  m_LocalEulerAnglesHint: {x: 0, y: 0, z: 0}
  m_Children:
  - {fileID: 4000012042989966}
  m_Father: {fileID: 4000014104824982}
  m_RootOrder: 4
--- !u!4 &4000012029641494
Transform:
  m_ObjectHideFlags: 1
  m_PrefabParentObject: {fileID: 0}
  m_PrefabInternal: {fileID: 100100000}
  m_GameObject: {fileID: 1000010108277646}
  m_LocalRotation: {x: -0.0117237745, y: 0.0015298543, z: -0.044548027, w: 0.9989373}
  m_LocalPosition: {x: -0.010834004, y: 0.12204868, z: -0.001920986}
  m_LocalScale: {x: 1, y: 1, z: 1}
  m_LocalEulerAnglesHint: {x: 0, y: 0, z: 0}
  m_Children:
  - {fileID: 4000014038490936}
  m_Father: {fileID: 4000014104824982}
  m_RootOrder: 3
--- !u!4 &4000012042989966
Transform:
  m_ObjectHideFlags: 1
  m_PrefabParentObject: {fileID: 0}
  m_PrefabInternal: {fileID: 100100000}
  m_GameObject: {fileID: 1000010043524154}
  m_LocalRotation: {x: 0.00009240543, y: -0.0026428755, z: 0.006931061, w: 0.9999725}
  m_LocalPosition: {x: -0.0015465388, y: 0.03685078, z: -1.6161777e-10}
  m_LocalScale: {x: 1, y: 1, z: 1}
  m_LocalEulerAnglesHint: {x: 0, y: 0, z: 0}
  m_Children:
  - {fileID: 4000014131206968}
  m_Father: {fileID: 4000011963434726}
  m_RootOrder: 0
--- !u!4 &4000012296676176
Transform:
  m_ObjectHideFlags: 1
  m_PrefabParentObject: {fileID: 0}
  m_PrefabInternal: {fileID: 100100000}
  m_GameObject: {fileID: 1000012899106190}
  m_LocalRotation: {x: 0.00000014743793, y: -0.000048403723, z: -0.0009397275, w: 0.9999996}
  m_LocalPosition: {x: -0.0000062451895, y: 0.02518087, z: 4.0188183e-10}
  m_LocalScale: {x: 1, y: 1, z: 1}
  m_LocalEulerAnglesHint: {x: 0, y: 0, z: 0}
  m_Children:
  - {fileID: 4000011533311090}
  m_Father: {fileID: 4000010645940312}
  m_RootOrder: 0
--- !u!4 &4000012305481208
Transform:
  m_ObjectHideFlags: 1
  m_PrefabParentObject: {fileID: 0}
  m_PrefabInternal: {fileID: 100100000}
  m_GameObject: {fileID: 1000010521708718}
  m_LocalRotation: {x: 0, y: -0, z: -0, w: 1}
  m_LocalPosition: {x: -0.00029897795, y: 0.025253423, z: -3.0619446e-10}
  m_LocalScale: {x: 1, y: 1, z: 1}
  m_LocalEulerAnglesHint: {x: 0, y: 0, z: 0}
  m_Children: []
  m_Father: {fileID: 4000013914412966}
  m_RootOrder: 0
--- !u!4 &4000012314102554
Transform:
  m_ObjectHideFlags: 1
  m_PrefabParentObject: {fileID: 0}
  m_PrefabInternal: {fileID: 100100000}
  m_GameObject: {fileID: 1000011175992890}
  m_LocalRotation: {x: 0.00000011695837, y: -0.00014247026, z: 0.0030701496, w: 0.9999953}
  m_LocalPosition: {x: -0.000036785244, y: 0.025696907, z: 3.6004108e-10}
  m_LocalScale: {x: 1, y: 1, z: 1}
  m_LocalEulerAnglesHint: {x: 0, y: 0, z: 0}
  m_Children:
  - {fileID: 4000011588381460}
  m_Father: {fileID: 4000012807819716}
  m_RootOrder: 0
--- !u!4 &4000012434602662
Transform:
  m_ObjectHideFlags: 1
  m_PrefabParentObject: {fileID: 0}
  m_PrefabInternal: {fileID: 100100000}
  m_GameObject: {fileID: 1000011576668942}
  m_LocalRotation: {x: 0.000000014651734, y: 0.00010824353, z: -0.035402857, w: 0.99937314}
  m_LocalPosition: {x: 0.0013628262, y: 0.03695382, z: 0.0000000010712725}
  m_LocalScale: {x: 1, y: 1, z: 1}
  m_LocalEulerAnglesHint: {x: 0, y: 0, z: 0}
  m_Children:
  - {fileID: 4000013914412966}
  m_Father: {fileID: 4000013425043362}
  m_RootOrder: 0
--- !u!4 &4000012459903998
Transform:
  m_ObjectHideFlags: 1
  m_PrefabParentObject: {fileID: 0}
  m_PrefabInternal: {fileID: 100100000}
  m_GameObject: {fileID: 1000010086737706}
  m_LocalRotation: {x: 0, y: -0, z: -0, w: 1}
  m_LocalPosition: {x: -0, y: 0, z: 0}
  m_LocalScale: {x: 1, y: 1, z: 1}
  m_LocalEulerAnglesHint: {x: 0, y: 0, z: 0}
  m_Children: []
  m_Father: {fileID: 4000010906651920}
  m_RootOrder: 3
--- !u!4 &4000012522032508
Transform:
  m_ObjectHideFlags: 1
  m_PrefabParentObject: {fileID: 0}
  m_PrefabInternal: {fileID: 100100000}
  m_GameObject: {fileID: 1000013468369916}
  m_LocalRotation: {x: 0.55852926, y: -0.42982104, z: 0.57208896, w: 0.41953927}
  m_LocalPosition: {x: -0.055955265, y: 0.12890561, z: -0.0013274259}
  m_LocalScale: {x: 1, y: 1, z: 1}
  m_LocalEulerAnglesHint: {x: 0, y: 0, z: 0}
  m_Children:
  - {fileID: 4000010273187074}
  m_Father: {fileID: 4000011879248082}
  m_RootOrder: 0
--- !u!4 &4000012536452892
Transform:
  m_ObjectHideFlags: 1
  m_PrefabParentObject: {fileID: 0}
  m_PrefabInternal: {fileID: 100100000}
  m_GameObject: {fileID: 1000010140341692}
  m_LocalRotation: {x: -0.000000042873793, y: -0.00000926862, z: -0.00028073834, w: 1}
  m_LocalPosition: {x: -0.000031080384, y: 0.023379955, z: 4.803883e-10}
  m_LocalScale: {x: 1, y: 1, z: 1}
  m_LocalEulerAnglesHint: {x: 0, y: 0, z: 0}
  m_Children:
  - {fileID: 4000012939647714}
  m_Father: {fileID: 4000011232370796}
  m_RootOrder: 0
--- !u!4 &4000012690863072
Transform:
  m_ObjectHideFlags: 1
  m_PrefabParentObject: {fileID: 0}
  m_PrefabInternal: {fileID: 100100000}
  m_GameObject: {fileID: 1000010739834614}
  m_LocalRotation: {x: 0, y: -0, z: -0, w: 1}
  m_LocalPosition: {x: -0.0000035471794, y: 0.023277972, z: -3.450546e-10}
  m_LocalScale: {x: 1, y: 1, z: 1}
  m_LocalEulerAnglesHint: {x: 0, y: 0, z: 0}
  m_Children: []
  m_Father: {fileID: 4000013101663804}
  m_RootOrder: 0
--- !u!4 &4000012695793496
Transform:
  m_ObjectHideFlags: 1
  m_PrefabParentObject: {fileID: 0}
  m_PrefabInternal: {fileID: 100100000}
  m_GameObject: {fileID: 1000010821423896}
  m_LocalRotation: {x: 0, y: -0, z: -0, w: 1}
  m_LocalPosition: {x: -0, y: 0, z: 0}
  m_LocalScale: {x: 1, y: 1, z: 1}
  m_LocalEulerAnglesHint: {x: 0, y: 0, z: 0}
  m_Children: []
  m_Father: {fileID: 4000010906651920}
  m_RootOrder: 2
--- !u!4 &4000012807819716
Transform:
  m_ObjectHideFlags: 1
  m_PrefabParentObject: {fileID: 0}
  m_PrefabInternal: {fileID: 100100000}
  m_GameObject: {fileID: 1000011566328690}
  m_LocalRotation: {x: -0.00000041923641, y: 0.000032595173, z: 0.00056007615, w: 0.9999999}
  m_LocalPosition: {x: -0.00007035072, y: 0.02734519, z: 2.846835e-10}
  m_LocalScale: {x: 1, y: 1, z: 1}
  m_LocalEulerAnglesHint: {x: 0, y: 0, z: 0}
  m_Children:
  - {fileID: 4000012314102554}
  m_Father: {fileID: 4000011482318946}
  m_RootOrder: 0
--- !u!4 &4000012812628616
Transform:
  m_ObjectHideFlags: 1
  m_PrefabParentObject: {fileID: 0}
  m_PrefabInternal: {fileID: 100100000}
  m_GameObject: {fileID: 1000010473343810}
  m_LocalRotation: {x: -0.0008020484, y: 0.010916661, z: 0.99993646, w: 0.0026976378}
  m_LocalPosition: {x: -0.07493717, y: -0.053367462, z: -0.0050394842}
  m_LocalScale: {x: 1, y: 1, z: 1}
  m_LocalEulerAnglesHint: {x: 0, y: 0, z: 0}
  m_Children:
  - {fileID: 4000013729303808}
  m_Father: {fileID: 4000011305215564}
  m_RootOrder: 0
--- !u!4 &4000012818039664
Transform:
  m_ObjectHideFlags: 1
  m_PrefabParentObject: {fileID: 0}
  m_PrefabInternal: {fileID: 100100000}
  m_GameObject: {fileID: 1000013085070340}
  m_LocalRotation: {x: -0.003209912, y: -0.0023015756, z: 0.04092694, w: 0.9991543}
  m_LocalPosition: {x: 0.01076994, y: 0.12055932, z: -0.0026243934}
  m_LocalScale: {x: 1, y: 1, z: 1}
  m_LocalEulerAnglesHint: {x: 0, y: 0, z: 0}
  m_Children:
  - {fileID: 4000010081754590}
  m_Father: {fileID: 4000014155572814}
  m_RootOrder: 3
--- !u!4 &4000012821406720
Transform:
  m_ObjectHideFlags: 1
  m_PrefabParentObject: {fileID: 0}
  m_PrefabInternal: {fileID: 100100000}
  m_GameObject: {fileID: 1000012204956504}
  m_LocalRotation: {x: 7.1422024e-26, y: -1.0577866e-13, z: 6.7520257e-13, w: 1}
  m_LocalPosition: {x: -0, y: 0.1127155, z: 1.7150854e-10}
  m_LocalScale: {x: 1, y: 1, z: 1}
  m_LocalEulerAnglesHint: {x: 0, y: 0, z: 0}
  m_Children:
  - {fileID: 4000011879248082}
  m_Father: {fileID: 4000010709809596}
  m_RootOrder: 0
--- !u!4 &4000012939647714
Transform:
  m_ObjectHideFlags: 1
  m_PrefabParentObject: {fileID: 0}
  m_PrefabInternal: {fileID: 100100000}
  m_GameObject: {fileID: 1000013246156298}
  m_LocalRotation: {x: -0.00000041411457, y: -0.00006219759, z: 0.0029578377, w: 0.99999565}
  m_LocalPosition: {x: -0.00003759114, y: 0.020133743, z: 1.80666e-10}
  m_LocalScale: {x: 1, y: 1, z: 1}
  m_LocalEulerAnglesHint: {x: 0, y: 0, z: 0}
  m_Children:
  - {fileID: 4000011003785136}
  m_Father: {fileID: 4000012536452892}
  m_RootOrder: 0
--- !u!4 &4000013081269668
Transform:
  m_ObjectHideFlags: 1
  m_PrefabParentObject: {fileID: 0}
  m_PrefabInternal: {fileID: 100100000}
  m_GameObject: {fileID: 1000011846557920}
  m_LocalRotation: {x: 0.33673802, y: 0.037774652, z: -0.0135213705, w: 0.9407432}
  m_LocalPosition: {x: -5.246088e-11, y: 0.1176206, z: -0.0000000018475254}
  m_LocalScale: {x: 1, y: 1, z: 1}
  m_LocalEulerAnglesHint: {x: 0, y: 0, z: 0}
  m_Children:
  - {fileID: 4000013158654834}
  m_Father: {fileID: 4000013902457030}
  m_RootOrder: 0
--- !u!4 &4000013101663804
Transform:
  m_ObjectHideFlags: 1
  m_PrefabParentObject: {fileID: 0}
  m_PrefabInternal: {fileID: 100100000}
  m_GameObject: {fileID: 1000012861293730}
  m_LocalRotation: {x: -0.00000007802003, y: -0.000012695058, z: -0.00054158276, w: 0.9999999}
  m_LocalPosition: {x: 0.000023023133, y: 0.025237605, z: 1.4261588e-10}
  m_LocalScale: {x: 1, y: 1, z: 1}
  m_LocalEulerAnglesHint: {x: 0, y: 0, z: 0}
  m_Children:
  - {fileID: 4000012690863072}
  m_Father: {fileID: 4000011604187932}
  m_RootOrder: 0
--- !u!4 &4000013158654834
Transform:
  m_ObjectHideFlags: 1
  m_PrefabParentObject: {fileID: 0}
  m_PrefabInternal: {fileID: 100100000}
  m_GameObject: {fileID: 1000011715177492}
  m_LocalRotation: {x: 0, y: -0, z: -0, w: 1}
  m_LocalPosition: {x: -1.7383508e-11, y: 0.0481818, z: 1.04698255e-11}
  m_LocalScale: {x: 1, y: 1, z: 1}
  m_LocalEulerAnglesHint: {x: 0, y: 0, z: 0}
  m_Children: []
  m_Father: {fileID: 4000013081269668}
  m_RootOrder: 0
--- !u!4 &4000013258735162
Transform:
  m_ObjectHideFlags: 1
  m_PrefabParentObject: {fileID: 0}
  m_PrefabInternal: {fileID: 100100000}
  m_GameObject: {fileID: 1000012738973728}
  m_LocalRotation: {x: 0, y: 0, z: 0, w: 1}
  m_LocalPosition: {x: 0.0004, y: 0.0636, z: 0.1121}
  m_LocalScale: {x: 1, y: 1, z: 1}
  m_LocalEulerAnglesHint: {x: 0, y: 0, z: 0}
  m_Children: []
  m_Father: {fileID: 4000014065938236}
  m_RootOrder: 1
--- !u!4 &4000013315127380
Transform:
  m_ObjectHideFlags: 1
  m_PrefabParentObject: {fileID: 0}
  m_PrefabInternal: {fileID: 100100000}
  m_GameObject: {fileID: 1000010554709690}
  m_LocalRotation: {x: 0.000000030633124, y: 0.00024497922, z: 0.00000033303687, w: 1}
  m_LocalPosition: {x: -1.9412798e-10, y: 0.23100142, z: 9.954987e-12}
  m_LocalScale: {x: 1, y: 1, z: 1}
  m_LocalEulerAnglesHint: {x: 0, y: 0, z: 0}
  m_Children:
  - {fileID: 4000014104824982}
  m_Father: {fileID: 4000010273187074}
  m_RootOrder: 0
--- !u!4 &4000013361219534
Transform:
  m_ObjectHideFlags: 1
  m_PrefabParentObject: {fileID: 0}
  m_PrefabInternal: {fileID: 100100000}
  m_GameObject: {fileID: 1000014016312134}
  m_LocalRotation: {x: -0.00000018843718, y: 0.00015964656, z: -0.0032804783, w: 0.99999464}
  m_LocalPosition: {x: 0.000042894277, y: 0.020915715, z: -2.752472e-11}
  m_LocalScale: {x: 1, y: 1, z: 1}
  m_LocalEulerAnglesHint: {x: 0, y: 0, z: 0}
  m_Children:
  - {fileID: 4000013552166452}
  m_Father: {fileID: 4000013481510596}
  m_RootOrder: 0
--- !u!4 &4000013425043362
Transform:
  m_ObjectHideFlags: 1
  m_PrefabParentObject: {fileID: 0}
  m_PrefabInternal: {fileID: 100100000}
  m_GameObject: {fileID: 1000012934492548}
  m_LocalRotation: {x: 0.22155258, y: 0.05437828, z: 0.30326563, w: 0.9251959}
  m_LocalPosition: {x: -0.022169404, y: 0.038840897, z: 0.011684717}
  m_LocalScale: {x: 1, y: 1, z: 1}
  m_LocalEulerAnglesHint: {x: 0, y: 0, z: 0}
  m_Children:
  - {fileID: 4000012434602662}
  m_Father: {fileID: 4000014155572814}
  m_RootOrder: 4
--- !u!4 &4000013444618894
Transform:
  m_ObjectHideFlags: 1
  m_PrefabParentObject: {fileID: 0}
  m_PrefabInternal: {fileID: 100100000}
  m_GameObject: {fileID: 1000011437593570}
  m_LocalRotation: {x: 0, y: -0, z: -0, w: 1}
  m_LocalPosition: {x: -0, y: 0, z: 0}
  m_LocalScale: {x: 1, y: 1, z: 1}
  m_LocalEulerAnglesHint: {x: 0, y: 0, z: 0}
  m_Children: []
  m_Father: {fileID: 4000010906651920}
  m_RootOrder: 6
--- !u!4 &4000013481510596
Transform:
  m_ObjectHideFlags: 1
  m_PrefabParentObject: {fileID: 0}
  m_PrefabInternal: {fileID: 100100000}
  m_GameObject: {fileID: 1000011346542856}
  m_LocalRotation: {x: 0.0000002734282, y: 0.000029751713, z: 0.00040939506, w: 0.99999994}
  m_LocalPosition: {x: 0.000030923293, y: 0.025059413, z: -2.1699718e-10}
  m_LocalScale: {x: 1, y: 1, z: 1}
  m_LocalEulerAnglesHint: {x: 0, y: 0, z: 0}
  m_Children:
  - {fileID: 4000013361219534}
  m_Father: {fileID: 4000011031913692}
  m_RootOrder: 0
--- !u!4 &4000013519486638
Transform:
  m_ObjectHideFlags: 1
  m_PrefabParentObject: {fileID: 0}
  m_PrefabInternal: {fileID: 100100000}
  m_GameObject: {fileID: 1000012138669208}
  m_LocalRotation: {x: 0, y: -0, z: -0, w: 1}
  m_LocalPosition: {x: -0, y: 0, z: 0}
  m_LocalScale: {x: 1, y: 1, z: 1}
  m_LocalEulerAnglesHint: {x: 0, y: 0, z: 0}
  m_Children: []
  m_Father: {fileID: 4000010906651920}
  m_RootOrder: 1
--- !u!4 &4000013552166452
Transform:
  m_ObjectHideFlags: 1
  m_PrefabParentObject: {fileID: 0}
  m_PrefabInternal: {fileID: 100100000}
  m_GameObject: {fileID: 1000012188284032}
  m_LocalRotation: {x: 0, y: -0, z: -0, w: 1}
  m_LocalPosition: {x: -0.00007381802, y: 0.016425937, z: 7.575806e-12}
  m_LocalScale: {x: 1, y: 1, z: 1}
  m_LocalEulerAnglesHint: {x: 0, y: 0, z: 0}
  m_Children: []
  m_Father: {fileID: 4000013361219534}
  m_RootOrder: 0
--- !u!4 &4000013570796542
Transform:
  m_ObjectHideFlags: 1
  m_PrefabParentObject: {fileID: 0}
  m_PrefabInternal: {fileID: 100100000}
  m_GameObject: {fileID: 1000012712900446}
  m_LocalRotation: {x: -0.0032948323, y: -0.00019753136, z: 0.040125296, w: 0.9991892}
  m_LocalPosition: {x: -0.009791157, y: 0.120666236, z: -0.0007991861}
  m_LocalScale: {x: 1, y: 1, z: 1}
  m_LocalEulerAnglesHint: {x: 0, y: 0, z: 0}
  m_Children:
  - {fileID: 4000011604187932}
  m_Father: {fileID: 4000014155572814}
  m_RootOrder: 1
--- !u!4 &4000013729303808
Transform:
  m_ObjectHideFlags: 1
  m_PrefabParentObject: {fileID: 0}
  m_PrefabInternal: {fileID: 100100000}
  m_GameObject: {fileID: 1000013630826468}
  m_LocalRotation: {x: -0.050777256, y: 0.00007873893, z: 0.0029311043, w: 0.99870574}
  m_LocalPosition: {x: -6.5465924e-11, y: 0.4411083, z: 0.0000000020977946}
  m_LocalScale: {x: 1, y: 1, z: 1}
  m_LocalEulerAnglesHint: {x: 0, y: 0, z: 0}
  m_Children:
  - {fileID: 4000013902457030}
  m_Father: {fileID: 4000012812628616}
  m_RootOrder: 0
--- !u!4 &4000013841618812
Transform:
  m_ObjectHideFlags: 1
  m_PrefabParentObject: {fileID: 0}
  m_PrefabInternal: {fileID: 100100000}
  m_GameObject: {fileID: 1000011967775320}
  m_LocalRotation: {x: 0, y: -0, z: -0, w: 1}
  m_LocalPosition: {x: 0.000056267534, y: 0.020842232, z: 6.203209e-11}
  m_LocalScale: {x: 1, y: 1, z: 1}
  m_LocalEulerAnglesHint: {x: 0, y: 0, z: 0}
  m_Children: []
  m_Father: {fileID: 4000011533311090}
  m_RootOrder: 0
--- !u!4 &4000013902457030
Transform:
  m_ObjectHideFlags: 1
  m_PrefabParentObject: {fileID: 0}
  m_PrefabInternal: {fileID: 100100000}
  m_GameObject: {fileID: 1000014114177594}
  m_LocalRotation: {x: 0.46637583, y: -0.015463943, z: 0.0170869, w: 0.88428646}
  m_LocalPosition: {x: 8.945908e-10, y: 0.44253153, z: 0.0000000016003509}
  m_LocalScale: {x: 1, y: 1, z: 1}
  m_LocalEulerAnglesHint: {x: 0, y: 0, z: 0}
  m_Children:
  - {fileID: 4000013081269668}
  m_Father: {fileID: 4000013729303808}
  m_RootOrder: 0
--- !u!4 &4000013914412966
Transform:
  m_ObjectHideFlags: 1
  m_PrefabParentObject: {fileID: 0}
  m_PrefabInternal: {fileID: 100100000}
  m_GameObject: {fileID: 1000013081063488}
  m_LocalRotation: {x: -0.000009560743, y: 0.000433514, z: 0.011056664, w: 0.9999388}
  m_LocalPosition: {x: -0.0010638518, y: 0.03132525, z: -3.5459294e-10}
  m_LocalScale: {x: 1, y: 1, z: 1}
  m_LocalEulerAnglesHint: {x: 0, y: 0, z: 0}
  m_Children:
  - {fileID: 4000012305481208}
  m_Father: {fileID: 4000012434602662}
  m_RootOrder: 0
--- !u!4 &4000013960797598
Transform:
  m_ObjectHideFlags: 1
  m_PrefabParentObject: {fileID: 0}
  m_PrefabInternal: {fileID: 100100000}
  m_GameObject: {fileID: 1000012314650234}
  m_LocalRotation: {x: 0.00000034179806, y: -0.000034818386, z: 0.0024772885, w: 0.99999696}
  m_LocalPosition: {x: -0.000043183558, y: 0.022295434, z: 1.6317273e-10}
  m_LocalScale: {x: 1, y: 1, z: 1}
  m_LocalEulerAnglesHint: {x: 0, y: 0, z: 0}
  m_Children:
  - {fileID: 4000011545901328}
  m_Father: {fileID: 4000014038490936}
  m_RootOrder: 0
--- !u!4 &4000014038490936
Transform:
  m_ObjectHideFlags: 1
  m_PrefabParentObject: {fileID: 0}
  m_PrefabInternal: {fileID: 100100000}
  m_GameObject: {fileID: 1000011514335584}
  m_LocalRotation: {x: 0.00000031108655, y: -0.000021968803, z: -0.0006445651, w: 0.9999998}
  m_LocalPosition: {x: -0.000015116521, y: 0.02344899, z: -4.412311e-10}
  m_LocalScale: {x: 1, y: 1, z: 1}
  m_LocalEulerAnglesHint: {x: 0, y: 0, z: 0}
  m_Children:
  - {fileID: 4000013960797598}
  m_Father: {fileID: 4000012029641494}
  m_RootOrder: 0
--- !u!4 &4000014065938236
Transform:
  m_ObjectHideFlags: 1
  m_PrefabParentObject: {fileID: 0}
  m_PrefabInternal: {fileID: 100100000}
  m_GameObject: {fileID: 1000011491603184}
  m_LocalRotation: {x: 0, y: 0, z: 7.3654764e-27, w: 1}
  m_LocalPosition: {x: -0, y: 0.07009659, z: 0.020644221}
  m_LocalScale: {x: 1, y: 1, z: 1}
  m_LocalEulerAnglesHint: {x: 0, y: 0, z: 0}
  m_Children:
  - {fileID: 4000011100830846}
  - {fileID: 4000013258735162}
  m_Father: {fileID: 4000011173578120}
  m_RootOrder: 0
--- !u!4 &4000014098453352
Transform:
  m_ObjectHideFlags: 1
  m_PrefabParentObject: {fileID: 0}
  m_PrefabInternal: {fileID: 100100000}
  m_GameObject: {fileID: 1000011099772586}
  m_LocalRotation: {x: -0.55674434, y: -0.43119794, z: 0.5735985, w: -0.41843617}
  m_LocalPosition: {x: 0.055955265, y: 0.12893628, z: -0.0016562997}
  m_LocalScale: {x: 1, y: 1, z: 1}
  m_LocalEulerAnglesHint: {x: 0, y: 0, z: 0}
  m_Children:
  - {fileID: 4000010483009998}
  m_Father: {fileID: 4000011879248082}
  m_RootOrder: 2
--- !u!4 &4000014104824982
Transform:
  m_ObjectHideFlags: 1
  m_PrefabParentObject: {fileID: 0}
  m_PrefabInternal: {fileID: 100100000}
  m_GameObject: {fileID: 1000011838650114}
  m_LocalRotation: {x: 0.009838278, y: -0.043881632, z: 0.044685617, w: 0.9979884}
  m_LocalPosition: {x: 2.0220539e-10, y: 0.25705352, z: 9.831268e-11}
  m_LocalScale: {x: 1, y: 1, z: 1}
  m_LocalEulerAnglesHint: {x: 0, y: 0, z: 0}
  m_Children:
  - {fileID: 4000010645940312}
  - {fileID: 4000011482318946}
  - {fileID: 4000011232370796}
  - {fileID: 4000012029641494}
  - {fileID: 4000011963434726}
  m_Father: {fileID: 4000013315127380}
  m_RootOrder: 0
--- !u!4 &4000014131206968
Transform:
  m_ObjectHideFlags: 1
  m_PrefabParentObject: {fileID: 0}
  m_PrefabInternal: {fileID: 100100000}
  m_GameObject: {fileID: 1000010608832404}
  m_LocalRotation: {x: -0.00010905306, y: -0.0029710473, z: 0.06476263, w: 0.9978963}
  m_LocalPosition: {x: -0.00088424486, y: 0.03145834, z: 0.000000001642031}
  m_LocalScale: {x: 1, y: 1, z: 1}
  m_LocalEulerAnglesHint: {x: 0, y: 0, z: 0}
  m_Children:
  - {fileID: 4000014186217068}
  m_Father: {fileID: 4000012042989966}
  m_RootOrder: 0
--- !u!4 &4000014155572814
Transform:
  m_ObjectHideFlags: 1
  m_PrefabParentObject: {fileID: 0}
  m_PrefabInternal: {fileID: 100100000}
  m_GameObject: {fileID: 1000011464010464}
  m_LocalRotation: {x: 0.0016936904, y: 0.039656974, z: -0.040569708, w: 0.998388}
  m_LocalPosition: {x: 6.725884e-11, y: 0.25702932, z: -4.0809595e-11}
  m_LocalScale: {x: 1, y: 1, z: 1}
  m_LocalEulerAnglesHint: {x: 0, y: 0, z: 0}
  m_Children:
  - {fileID: 4000011599956670}
  - {fileID: 4000013570796542}
  - {fileID: 4000011031913692}
  - {fileID: 4000012818039664}
  - {fileID: 4000013425043362}
  m_Father: {fileID: 4000010079429918}
  m_RootOrder: 0
--- !u!4 &4000014186217068
Transform:
  m_ObjectHideFlags: 1
  m_PrefabParentObject: {fileID: 0}
  m_PrefabInternal: {fileID: 100100000}
  m_GameObject: {fileID: 1000010516568988}
  m_LocalRotation: {x: 0, y: -0, z: -0, w: 1}
  m_LocalPosition: {x: 0.002430786, y: 0.023863295, z: 6.117784e-10}
  m_LocalScale: {x: 1, y: 1, z: 1}
  m_LocalEulerAnglesHint: {x: 0, y: 0, z: 0}
  m_Children: []
  m_Father: {fileID: 4000014131206968}
  m_RootOrder: 0
--- !u!23 &23000010225591016
MeshRenderer:
  m_ObjectHideFlags: 1
  m_PrefabParentObject: {fileID: 0}
  m_PrefabInternal: {fileID: 100100000}
  m_GameObject: {fileID: 1000012738973728}
  m_Enabled: 1
  m_CastShadows: 1
  m_ReceiveShadows: 1
  m_MotionVectors: 1
  m_LightProbeUsage: 1
  m_ReflectionProbeUsage: 1
  m_Materials:
  - {fileID: 2100000, guid: 429b446b3468a2e439ed14a1e216cf3c, type: 2}
  m_SubsetIndices: 
  m_StaticBatchRoot: {fileID: 0}
  m_ProbeAnchor: {fileID: 0}
  m_LightProbeVolumeOverride: {fileID: 0}
  m_ScaleInLightmap: 1
  m_PreserveUVs: 0
  m_IgnoreNormalsForChartDetection: 0
  m_ImportantGI: 0
  m_SelectedWireframeHidden: 0
  m_MinimumChartSize: 4
  m_AutoUVMaxDistance: 0.5
  m_AutoUVMaxAngle: 89
  m_LightmapParameters: {fileID: 0}
  m_SortingLayerID: 0
  m_SortingOrder: 0
--- !u!33 &33000012873893428
MeshFilter:
  m_ObjectHideFlags: 1
  m_PrefabParentObject: {fileID: 0}
  m_PrefabInternal: {fileID: 100100000}
  m_GameObject: {fileID: 1000012738973728}
  m_Mesh: {fileID: 4300000, guid: b0e9fca358f114a468848a9604d4f79f, type: 3}
--- !u!54 &54000012149268506
Rigidbody:
  m_ObjectHideFlags: 1
  m_PrefabParentObject: {fileID: 0}
  m_PrefabInternal: {fileID: 100100000}
  m_GameObject: {fileID: 1000014173850726}
  serializedVersion: 2
  m_Mass: 1
  m_Drag: 0
  m_AngularDrag: 0.05
  m_UseGravity: 1
  m_IsKinematic: 0
  m_Interpolate: 0
  m_Constraints: 0
  m_CollisionDetection: 0
--- !u!95 &95000011013175250
Animator:
  serializedVersion: 3
  m_ObjectHideFlags: 1
  m_PrefabParentObject: {fileID: 0}
  m_PrefabInternal: {fileID: 100100000}
  m_GameObject: {fileID: 1000014173850726}
  m_Enabled: 1
  m_Avatar: {fileID: 9000000, guid: 3c72966a6fccd9b48ab6a2027badbd8a, type: 3}
  m_Controller: {fileID: 9100000, guid: aa7b96622ca11b7478c80b0617a3573e, type: 2}
  m_CullingMode: 0
  m_UpdateMode: 0
  m_ApplyRootMotion: 1
  m_LinearVelocityBlending: 0
  m_WarningMessage: 
  m_HasTransformHierarchy: 1
  m_AllowConstantClipSamplingOptimization: 1
--- !u!114 &114000013752714412
MonoBehaviour:
  m_ObjectHideFlags: 1
  m_PrefabParentObject: {fileID: 0}
  m_PrefabInternal: {fileID: 100100000}
  m_GameObject: {fileID: 1000014173850726}
  m_Enabled: 1
  m_EditorHideFlags: 0
  m_Script: {fileID: 11500000, guid: 35a16292b6b4210429a7c5bca062a6f9, type: 3}
  m_Name: 
  m_EditorClassIdentifier: 
  spot1: {fileID: 0}
  spot2: {fileID: 0}
  spot3: {fileID: 0}
  spot4: {fileID: 0}
--- !u!136 &136000010066864418
CapsuleCollider:
  m_ObjectHideFlags: 1
  m_PrefabParentObject: {fileID: 0}
  m_PrefabInternal: {fileID: 100100000}
  m_GameObject: {fileID: 1000014173850726}
  m_Material: {fileID: 0}
  m_IsTrigger: 1
  m_Enabled: 1
  m_Radius: 0.35
  m_Height: 2.4
  m_Direction: 1
  m_Center: {x: 0, y: 0.96, z: 0}
--- !u!137 &137000010570241586
SkinnedMeshRenderer:
  m_ObjectHideFlags: 1
  m_PrefabParentObject: {fileID: 0}
  m_PrefabInternal: {fileID: 100100000}
  m_GameObject: {fileID: 1000012693106310}
  m_Enabled: 1
  m_CastShadows: 1
  m_ReceiveShadows: 1
  m_MotionVectors: 1
  m_LightProbeUsage: 1
  m_ReflectionProbeUsage: 1
  m_Materials:
  - {fileID: 2100000, guid: 71d22ecbc7cceb744a9fc0babdb25180, type: 2}
  m_SubsetIndices: 
  m_StaticBatchRoot: {fileID: 0}
  m_ProbeAnchor: {fileID: 0}
  m_LightProbeVolumeOverride: {fileID: 0}
  m_ScaleInLightmap: 1
  m_PreserveUVs: 0
  m_IgnoreNormalsForChartDetection: 0
  m_ImportantGI: 0
  m_SelectedWireframeHidden: 0
  m_MinimumChartSize: 4
  m_AutoUVMaxDistance: 0.5
  m_AutoUVMaxAngle: 89
  m_LightmapParameters: {fileID: 0}
  m_SortingLayerID: 0
  m_SortingOrder: 0
  serializedVersion: 2
  m_Quality: 0
  m_UpdateWhenOffscreen: 0
  m_SkinnedMotionVectors: 1
  m_Mesh: {fileID: 4300004, guid: 3c72966a6fccd9b48ab6a2027badbd8a, type: 3}
  m_Bones:
  - {fileID: 4000011132332346}
  - {fileID: 4000011890678122}
  - {fileID: 4000010855795220}
  - {fileID: 4000011865128640}
  - {fileID: 4000012812628616}
  - {fileID: 4000013729303808}
  - {fileID: 4000013902457030}
  - {fileID: 4000013081269668}
  m_BlendShapeWeights: []
  m_RootBone: {fileID: 4000012812628616}
  m_AABB:
    m_Center: {x: -0.077664316, y: 0.91466016, z: -0.020059012}
    m_Extent: {x: 0.13607687, y: 0.14185745, z: 0.14691189}
  m_DirtyAABB: 0
--- !u!137 &137000011342733444
SkinnedMeshRenderer:
  m_ObjectHideFlags: 1
  m_PrefabParentObject: {fileID: 0}
  m_PrefabInternal: {fileID: 100100000}
  m_GameObject: {fileID: 1000010821423896}
  m_Enabled: 1
  m_CastShadows: 1
  m_ReceiveShadows: 1
  m_MotionVectors: 1
  m_LightProbeUsage: 1
  m_ReflectionProbeUsage: 1
  m_Materials:
  - {fileID: 2100000, guid: 9bf2fd3031bfd6843b2a881818586bc8, type: 2}
  m_SubsetIndices: 
  m_StaticBatchRoot: {fileID: 0}
  m_ProbeAnchor: {fileID: 0}
  m_LightProbeVolumeOverride: {fileID: 0}
  m_ScaleInLightmap: 1
  m_PreserveUVs: 0
  m_IgnoreNormalsForChartDetection: 0
  m_ImportantGI: 0
  m_SelectedWireframeHidden: 0
  m_MinimumChartSize: 4
  m_AutoUVMaxDistance: 0.5
  m_AutoUVMaxAngle: 89
  m_LightmapParameters: {fileID: 0}
  m_SortingLayerID: 0
  m_SortingOrder: 0
  serializedVersion: 2
  m_Quality: 0
  m_UpdateWhenOffscreen: 0
  m_SkinnedMotionVectors: 1
  m_Mesh: {fileID: 4300010, guid: 3c72966a6fccd9b48ab6a2027badbd8a, type: 3}
  m_Bones:
  - {fileID: 4000011232370796}
  - {fileID: 4000013315127380}
  - {fileID: 4000014104824982}
  - {fileID: 4000012029641494}
  - {fileID: 4000010645940312}
  - {fileID: 4000011482318946}
  - {fileID: 4000011963434726}
  - {fileID: 4000012042989966}
  - {fileID: 4000014131206968}
  - {fileID: 4000012536452892}
  - {fileID: 4000012939647714}
  - {fileID: 4000012296676176}
  - {fileID: 4000011533311090}
  - {fileID: 4000012807819716}
  - {fileID: 4000012314102554}
  - {fileID: 4000014038490936}
  - {fileID: 4000013960797598}
  - {fileID: 4000010273187074}
  - {fileID: 4000010079429918}
  - {fileID: 4000014155572814}
  - {fileID: 4000013570796542}
  - {fileID: 4000011031913692}
  - {fileID: 4000012818039664}
  - {fileID: 4000013425043362}
  - {fileID: 4000012434602662}
  - {fileID: 4000013914412966}
  - {fileID: 4000013481510596}
  - {fileID: 4000013361219534}
  - {fileID: 4000011556628574}
  - {fileID: 4000011584293526}
  - {fileID: 4000011604187932}
  - {fileID: 4000013101663804}
  - {fileID: 4000010081754590}
  - {fileID: 4000011896472956}
  - {fileID: 4000010483009998}
  - {fileID: 4000011599956670}
  m_BlendShapeWeights: []
  m_RootBone: {fileID: 4000010483009998}
  m_AABB:
    m_Center: {x: -0.011827037, y: -0.1687674, z: 0.021741387}
    m_Extent: {x: 0.071168065, y: 0.854742, z: 0.05456436}
  m_DirtyAABB: 0
--- !u!137 &137000012085615372
SkinnedMeshRenderer:
  m_ObjectHideFlags: 1
  m_PrefabParentObject: {fileID: 0}
  m_PrefabInternal: {fileID: 100100000}
  m_GameObject: {fileID: 1000010086737706}
  m_Enabled: 1
  m_CastShadows: 1
  m_ReceiveShadows: 1
  m_MotionVectors: 1
  m_LightProbeUsage: 1
  m_ReflectionProbeUsage: 1
  m_Materials:
  - {fileID: 2100000, guid: 9bf2fd3031bfd6843b2a881818586bc8, type: 2}
  m_SubsetIndices: 
  m_StaticBatchRoot: {fileID: 0}
  m_ProbeAnchor: {fileID: 0}
  m_LightProbeVolumeOverride: {fileID: 0}
  m_ScaleInLightmap: 1
  m_PreserveUVs: 0
  m_IgnoreNormalsForChartDetection: 0
  m_ImportantGI: 0
  m_SelectedWireframeHidden: 0
  m_MinimumChartSize: 4
  m_AutoUVMaxDistance: 0.5
  m_AutoUVMaxAngle: 89
  m_LightmapParameters: {fileID: 0}
  m_SortingLayerID: 0
  m_SortingOrder: 0
  serializedVersion: 2
  m_Quality: 0
  m_UpdateWhenOffscreen: 0
  m_SkinnedMotionVectors: 1
  m_Mesh: {fileID: 4300002, guid: 3c72966a6fccd9b48ab6a2027badbd8a, type: 3}
  m_Bones:
  - {fileID: 4000014065938236}
  - {fileID: 4000011173578120}
  - {fileID: 4000011879248082}
  m_BlendShapeWeights: []
  m_RootBone: {fileID: 4000011879248082}
  m_AABB:
    m_Center: {x: -0.00028811395, y: 0.32639372, z: 0.06421633}
    m_Extent: {x: 0.10902414, y: 0.13231796, z: 0.13241877}
  m_DirtyAABB: 0
--- !u!137 &137000012578400384
SkinnedMeshRenderer:
  m_ObjectHideFlags: 1
  m_PrefabParentObject: {fileID: 0}
  m_PrefabInternal: {fileID: 100100000}
  m_GameObject: {fileID: 1000013046544964}
  m_Enabled: 1
  m_CastShadows: 1
  m_ReceiveShadows: 1
  m_MotionVectors: 1
  m_LightProbeUsage: 1
  m_ReflectionProbeUsage: 1
  m_Materials:
  - {fileID: 2100000, guid: c36ab752186de1a41b687837c50224b9, type: 2}
  m_SubsetIndices: 
  m_StaticBatchRoot: {fileID: 0}
  m_ProbeAnchor: {fileID: 0}
  m_LightProbeVolumeOverride: {fileID: 0}
  m_ScaleInLightmap: 1
  m_PreserveUVs: 0
  m_IgnoreNormalsForChartDetection: 0
  m_ImportantGI: 0
  m_SelectedWireframeHidden: 0
  m_MinimumChartSize: 4
  m_AutoUVMaxDistance: 0.5
  m_AutoUVMaxAngle: 89
  m_LightmapParameters: {fileID: 0}
  m_SortingLayerID: 0
  m_SortingOrder: 0
  serializedVersion: 2
  m_Quality: 0
  m_UpdateWhenOffscreen: 0
  m_SkinnedMotionVectors: 1
  m_Mesh: {fileID: 4300000, guid: 3c72966a6fccd9b48ab6a2027badbd8a, type: 3}
  m_Bones:
  - {fileID: 4000010273187074}
  - {fileID: 4000013315127380}
  - {fileID: 4000014104824982}
  - {fileID: 4000011232370796}
  - {fileID: 4000011963434726}
  - {fileID: 4000010483009998}
  - {fileID: 4000010079429918}
  - {fileID: 4000014155572814}
  - {fileID: 4000013425043362}
  - {fileID: 4000012812628616}
  - {fileID: 4000013729303808}
  - {fileID: 4000013902457030}
  - {fileID: 4000013081269668}
  - {fileID: 4000011132332346}
  - {fileID: 4000011890678122}
  - {fileID: 4000010855795220}
  - {fileID: 4000011865128640}
  - {fileID: 4000014065938236}
  - {fileID: 4000011173578120}
  - {fileID: 4000011879248082}
  - {fileID: 4000012522032508}
  - {fileID: 4000014098453352}
  m_BlendShapeWeights: []
  m_RootBone: {fileID: 4000011879248082}
  m_AABB:
    m_Center: {x: -0.0042720735, y: -0.45616886, z: 0.008571416}
    m_Extent: {x: 0.67630243, y: 0.86104107, z: 0.18471149}
  m_DirtyAABB: 0
--- !u!137 &137000012656770634
SkinnedMeshRenderer:
  m_ObjectHideFlags: 1
  m_PrefabParentObject: {fileID: 0}
  m_PrefabInternal: {fileID: 100100000}
  m_GameObject: {fileID: 1000012138669208}
  m_Enabled: 1
  m_CastShadows: 1
  m_ReceiveShadows: 1
  m_MotionVectors: 1
  m_LightProbeUsage: 1
  m_ReflectionProbeUsage: 1
  m_Materials:
  - {fileID: 2100000, guid: 9bf2fd3031bfd6843b2a881818586bc8, type: 2}
  m_SubsetIndices: 
  m_StaticBatchRoot: {fileID: 0}
  m_ProbeAnchor: {fileID: 0}
  m_LightProbeVolumeOverride: {fileID: 0}
  m_ScaleInLightmap: 1
  m_PreserveUVs: 0
  m_IgnoreNormalsForChartDetection: 0
  m_ImportantGI: 0
  m_SelectedWireframeHidden: 0
  m_MinimumChartSize: 4
  m_AutoUVMaxDistance: 0.5
  m_AutoUVMaxAngle: 89
  m_LightmapParameters: {fileID: 0}
  m_SortingLayerID: 0
  m_SortingOrder: 0
  serializedVersion: 2
  m_Quality: 0
  m_UpdateWhenOffscreen: 0
  m_SkinnedMotionVectors: 1
  m_Mesh: {fileID: 4300006, guid: 3c72966a6fccd9b48ab6a2027badbd8a, type: 3}
  m_Bones:
  - {fileID: 4000011305215564}
  - {fileID: 4000010709809596}
  - {fileID: 4000012812628616}
  - {fileID: 4000011890678122}
  - {fileID: 4000013729303808}
  - {fileID: 4000013902457030}
  - {fileID: 4000013081269668}
  - {fileID: 4000010855795220}
  - {fileID: 4000011132332346}
  - {fileID: 4000011865128640}
  m_BlendShapeWeights: []
  m_RootBone: {fileID: 4000011305215564}
  m_AABB:
    m_Center: {x: -0.0025248528, y: -0.48507035, z: -0.022140086}
    m_Extent: {x: 0.16548274, y: 0.53937805, z: 0.22905734}
  m_DirtyAABB: 0
--- !u!137 &137000013472028622
SkinnedMeshRenderer:
  m_ObjectHideFlags: 1
  m_PrefabParentObject: {fileID: 0}
  m_PrefabInternal: {fileID: 100100000}
  m_GameObject: {fileID: 1000011437593570}
  m_Enabled: 1
  m_CastShadows: 1
  m_ReceiveShadows: 1
  m_MotionVectors: 1
  m_LightProbeUsage: 1
  m_ReflectionProbeUsage: 1
  m_Materials:
  - {fileID: 2100000, guid: 9bf2fd3031bfd6843b2a881818586bc8, type: 2}
  m_SubsetIndices: 
  m_StaticBatchRoot: {fileID: 0}
  m_ProbeAnchor: {fileID: 0}
  m_LightProbeVolumeOverride: {fileID: 0}
  m_ScaleInLightmap: 1
  m_PreserveUVs: 0
  m_IgnoreNormalsForChartDetection: 0
  m_ImportantGI: 0
  m_SelectedWireframeHidden: 0
  m_MinimumChartSize: 4
  m_AutoUVMaxDistance: 0.5
  m_AutoUVMaxAngle: 89
  m_LightmapParameters: {fileID: 0}
  m_SortingLayerID: 0
  m_SortingOrder: 0
  serializedVersion: 2
  m_Quality: 0
  m_UpdateWhenOffscreen: 0
  m_SkinnedMotionVectors: 1
  m_Mesh: {fileID: 4300008, guid: 3c72966a6fccd9b48ab6a2027badbd8a, type: 3}
  m_Bones:
  - {fileID: 4000010483009998}
  - {fileID: 4000010079429918}
  - {fileID: 4000014155572814}
  - {fileID: 4000011879248082}
  - {fileID: 4000014098453352}
  - {fileID: 4000011305215564}
  - {fileID: 4000011890678122}
  - {fileID: 4000010709809596}
  - {fileID: 4000012821406720}
  - {fileID: 4000011173578120}
  - {fileID: 4000014065938236}
  - {fileID: 4000012812628616}
  - {fileID: 4000013425043362}
  - {fileID: 4000013570796542}
  - {fileID: 4000010273187074}
  - {fileID: 4000013315127380}
  - {fileID: 4000014104824982}
  - {fileID: 4000012522032508}
  - {fileID: 4000011963434726}
  - {fileID: 4000011232370796}
  - {fileID: 4000012029641494}
  m_BlendShapeWeights: []
  m_RootBone: {fileID: 4000011305215564}
  m_AABB:
    m_Center: {x: -0.016665101, y: 0.23899205, z: 0.005054839}
    m_Extent: {x: 0.70000654, y: 0.32235724, z: 0.13154134}
  m_DirtyAABB: 0
--- !u!195 &195000012243619302
NavMeshAgent:
  m_ObjectHideFlags: 1
  m_PrefabParentObject: {fileID: 0}
  m_PrefabInternal: {fileID: 100100000}
  m_GameObject: {fileID: 1000014173850726}
  m_Enabled: 1
  m_Radius: 0.5
  m_Speed: 3.5
  m_Acceleration: 8
  avoidancePriority: 50
  m_AngularSpeed: 120
  m_StoppingDistance: 0
  m_AutoTraverseOffMeshLink: 1
  m_AutoBraking: 1
  m_AutoRepath: 1
  m_Height: 2
  m_BaseOffset: 0
  m_WalkableMask: 4294967295
  m_ObstacleAvoidanceType: 4
